% This file was created with JabRef 2.7.2.
% Encoding: UTF8

@ELECTRONIC{screen_frce_account_detail,
  url = {http://www.amctechnology.com/partners/SFDC_Landing.html},
  title = {salesforce.com: Account detail screen},
  file = {:C\:\\Users\\blechner\\Documents\\Dropbox\\Thesis\\img\\screen_frce_account_detail.png:PNG image},
  owner = {blechner},
  timestamp = {2012.04.16}
}

@ELECTRONIC{screen_frce_account_detail2,
  url = {http://www.nimaya.com/salesforce/ActionBridge-Salesforce.html},
  title = {salesforce.com: Account detail screen},
  file = {:C\:\\Users\\blechner\\Documents\\Dropbox\\Thesis\\img\\screen_frce_account_detail2.png:PNG image},
  owner = {blechner},
  timestamp = {2012.04.16}
}

@ELECTRONIC{screen_frce_company_feed,
  url = {http://isolsoft.com/salesforce-software-review/},
  title = {salesforce.com: Company news feed},
  file = {:C\:\\Users\\blechner\\Documents\\Dropbox\\Thesis\\img\\screen_frce_company_feed.png:PNG image},
  owner = {blechner},
  timestamp = {2012.04.16}
}

@ELECTRONIC{screen_frce_contact_detail,
  url = {http://www.ilink.de/en/products/salesforce_officeedition/index.html},
  title = {salesforce.com: Contact detail},
  file = {:C\:\\Users\\blechner\\Documents\\Dropbox\\Thesis\\img\\screen_frce_contact_detail.png:PNG image},
  owner = {blechner},
  timestamp = {2012.04.16}
}

@ELECTRONIC{screen_frce_dashboard,
  url = {http://thirdwaveconsulting.com/grants-management/},
  title = {salesforce.com: Business intelligence dashboard},
  file = {:C\:\\Users\\blechner\\Documents\\Dropbox\\Thesis\\img\\screen_frce_dashboard.png:PNG image},
  owner = {blechner},
  timestamp = {2012.04.16}
}

@ELECTRONIC{screen_frce_home_screen,
  url = {http://www.nimaya.com/salesforce/Salesforce-Dashboard.html},
  title = {salesforce.com: Home screen with various portlets},
  file = {:C\:\\Users\\blechner\\Documents\\Dropbox\\Thesis\\img\\screen_frce_home_screen.png:PNG image},
  owner = {blechner},
  timestamp = {2012.04.16}
}

@ELECTRONIC{screen_frce_lead_detail,
  url = {http://www.liventerprise.com/tool/Salesforce/},
  title = {salesforce.com: Sales lead detail screen},
  file = {:C\:\\Users\\blechner\\Documents\\Dropbox\\Thesis\\img\\screen_frce_lead_detail.png:PNG image},
  owner = {blechner},
  timestamp = {2012.04.16}
}

@ELECTRONIC{screen_frce_report,
  url = {http://thirdwaveconsulting.com/grants-management/},
  title = {salesforce.com: Report},
  file = {:C\:\\Users\\blechner\\Documents\\Dropbox\\Thesis\\img\\screen_frce_report.png:PNG image},
  owner = {blechner},
  timestamp = {2012.04.16}
}

@ELECTRONIC{screen_msft_activity_list,
  url = {http://www.dynamicsexchange.com/Blogs/user.aspx?Tableid=241},
  title = {Microsoft Dynamics CRM: List of activities},
  file = {:C\:\\Users\\blechner\\Documents\\Dropbox\\Thesis\\img\\screen_msft_activity_list.png:PNG image},
  owner = {blechner},
  timestamp = {2012.04.16}
}

@ELECTRONIC{screen_msft_contact_detail,
  url = {http://blogs.msdn.com/b/dynamicscrmonline/archive/2009/01/20/tip-for-a-successful-import-using-the-import-wizard.aspx},
  title = {Microsoft Dynamics CRM: Editing contact information},
  file = {:C\:\\Users\\blechner\\Documents\\Dropbox\\Thesis\\img\\screen_msft_contact_detail.PNG:PNG image},
  owner = {blechner},
  timestamp = {2012.04.16}
}

@ELECTRONIC{screen_msft_contact_list,
  url = {http://blogs.msdn.com/b/dynamicscrmonline/archive/2009/01/20/tip-for-a-successful-import-using-the-import-wizard.aspx},
  title = {Microsoft Dynamics CRM: List of contacts},
  file = {:C\:\\Users\\blechner\\Documents\\Dropbox\\Thesis\\img\\screen_msft_contact_list.png:PNG image},
  owner = {blechner},
  timestamp = {2012.04.16}
}

@ELECTRONIC{screen_msft_contact_list2,
  url = {http://www.iqubz.com/solutions/microsoft-dynamics-crm.html},
  title = {Microsoft Dynamics CRM: List of contacts},
  file = {:C\:\\Users\\blechner\\Documents\\Dropbox\\Thesis\\img\\screen_msft_contact_list2.png:PNG image},
  owner = {blechner},
  timestamp = {2012.04.16}
}

@ELECTRONIC{screen_msft_dashboard,
  url = {http://www.liventerprise.com/tool/Microsoft_Dynamics_CRM/},
  title = {Microsoft Dynamics CRM: Business intelligence dashboard},
  file = {:C\:\\Users\\blechner\\Documents\\Dropbox\\Thesis\\img\\screen_msft_dashboard.png:PNG image},
  owner = {blechner},
  timestamp = {2012.04.16}
}

@ELECTRONIC{screen_msft_error,
  url = {http://social.microsoft.com/Forums/en-US/crm/thread/ad41ccd0-ef3c-49aa-a7d6-de0c3cd66aca},
  title = {Microsoft Dynamics CRM: Permissions error},
  file = {:C\:\\Users\\blechner\\Documents\\Dropbox\\Thesis\\img\\screen_msft_error.PNG:PNG image},
  owner = {blechner},
  timestamp = {2012.04.16}
}

@ELECTRONIC{screen_msft_inventory,
  url = {http://community.dynamics.com/product/sl/slnontechnical/b/slnews/archive/2011/03/18/user-interface-screen-colors-print-screen-amp-grid-to-excel.aspx},
  title = {Microsoft Dynamics CRM: Coupon/discount management screen},
  file = {:C\:\\Users\\blechner\\Documents\\Dropbox\\Thesis\\img\\screen_msft_inventory.jpg:JPG image},
  owner = {blechner},
  timestamp = {2012.04.16}
}

@ELECTRONIC{screen_msft_workflow,
  url = {http://imageshack.us/f/97/leadworkflow.jpg/},
  title = {Microsoft Dynamics CRM: Editing workflow information},
  file = {:C\:\\Users\\blechner\\Documents\\Dropbox\\Thesis\\img\\screen_msft_workflow.jpg:JPG image},
  owner = {blechner},
  timestamp = {2012.04.16}
}

@ELECTRONIC{screen_msft_workspace,
  url = {http://www.c360.com/v4/Explorer.aspx},
  title = {Microsoft Dynamics CRM: ``Workplace'' screen showing different portlets},
  file = {:C\:\\Users\\blechner\\Documents\\Dropbox\\Thesis\\img\\screen_msft_workspace.PNG:PNG image},
  owner = {blechner},
  timestamp = {2012.04.16}
}

@comment{jabref-meta: selector_review:}

@comment{jabref-meta: selector_publisher:}

@comment{jabref-meta: selector_author:}

@comment{jabref-meta: selector_journal:}

@comment{jabref-meta: selector_keywords:}

