% This file was created with JabRef 2.8.
% Encoding: UTF8

@TECHREPORT{AARP2004,
  author = {AARP},
  title = {Audience-centered heuristics: older adults},
  institution = {AARP},
  year = {2004},
  file = {AARP2004.pdf:AARP2004.pdf:PDF},
  keywords = {heuristics, special users},
  owner = {blechner},
  timestamp = {2012.01.23}
}

@ARTICLE{Ahearne2008,
  author = {Ahearne, Michael and Jones, Eli and Rapp, Adam and Mathieu, John},
  title = {High touch through high tech: the impact of salesperson technology
	usage on sales performance via mediating mechanisms},
  journal = {Management Science},
  year = {2008},
  volume = {54},
  pages = {671-685},
  number = {4},
  month = {apr},
  file = {Ahearne2008.pdf:Ahearne2008.pdf:PDF},
  keywords = {crm, usability},
  owner = {blechner},
  timestamp = {2012.04.05}
}

@TECHREPORT{Ahlstrom2001,
  author = {Ahlstrom, Vicki and Longo, Kelly},
  title = {Human factors design guide update: a revision to chapter 8-computer
	human interface guidelines},
  institution = {U.S.\ Department of Transportation---Federal Aviation Administration},
  year = {2001},
  number = {DOT/FAA/CT-96/01},
  address = {Atlantic City, NJ},
  month = {apr},
  file = {Ahlstrom2001.pdf:Ahlstrom2001.pdf:PDF},
  owner = {blechner},
  timestamp = {2012.04.18}
}

@ARTICLE{Aken2004,
  author = {van Aken, Joan E.},
  title = {Management research based on the paradigm of design sciences: the
	quest for field-tested and grounded technological rules},
  journal = {Journal of Management Sciences},
  year = {2004},
  volume = {41},
  pages = {219-246},
  number = {2},
  month = {mar},
  file = {Aken2004.pdf:Aken2004.pdf:PDF},
  keywords = {design science research},
  owner = {blechner},
  timestamp = {2011.12.15}
}

@ARTICLE{Al-Momani2009,
  author = {Al-Momani, Khalid and Noor, Nor Azila Mohd},
  title = {E-service quality, ease of use, usability and enjoyment as antecedents
	of e-{CRM} performance: an empirical investigation in {Jordan} mobile
	phone services},
  journal = {The Asian Journal of Technology Management},
  year = {2009},
  volume = {2},
  pages = {50-63},
  number = {2},
  keywords = {crm, usability},
  owner = {blechner},
  timestamp = {2012.04.05}
}

@ARTICLE{Alsumait2010,
  author = {Alsumait, Asmaa and Al-Osaimi, Asma},
  title = {Usability heuristics evaluation for child e-learning applications},
  journal = {Journal of Software},
  year = {2010},
  volume = {5},
  pages = {654-661},
  number = {6},
  month = {jun},
  file = {Alsumait2010.pdf:Alsumait2010.pdf:PDF},
  keywords = {special uses},
  owner = {blechner},
  timestamp = {2012.01.31}
}

@ARTICLE{Andre2001,
  author = {Andre, Terence S. and Hartson, H. Rex and Belz, Steven M. and McCreary,
	Faith A.},
  title = {The user action framework: a reliable foundation for usability engineering
	support tools},
  journal = {International Journal of Human-Computer Studies},
  year = {2001},
  volume = {54},
  pages = {107-136},
  doi = {10.1006/ijhc.2000.0441},
  file = {Andre2001.pdf:Andre2001.pdf:PDF},
  keywords = {usability, heuristics},
  owner = {blechner},
  timestamp = {2012.01.23}
}

@ARTICLE{Ardito2006,
  author = {Ardito, C. and Costabile, M.F. and De Marsico, M. and Lanzilotti,
	R. and Levialdi, S. and Roselli T. and Rossano, V.},
  title = {An approach to usability evaluation of e-learning applications},
  journal = {Universal Access in the Information Society},
  year = {2006},
  volume = {4},
  pages = {270-283},
  number = {3},
  month = {feb},
  __markedentry = {[blechner:1]},
  file = {Ardito2006.pdf:Ardito2006.pdf:PDF},
  keywords = {candidate},
  owner = {blechner},
  timestamp = {2012.04.23}
}

@ARTICLE{Au2008,
  author = {Au, N. and Ngai, E.W.T. and Cheng, T.C.E.},
  title = {Extending the understanding of end user information systems satisfaction
	formation: an equitable needs fulfillment model approach},
  journal = {MIS Quarterly},
  year = {2008},
  volume = {32},
  pages = {43-66},
  number = {1},
  month = {mar},
  file = {Au2008.pdf:Au2008.pdf:PDF},
  keywords = {userSat},
  owner = {blechner},
  timestamp = {2012.04.09},
  url = {http://dl.acm.org.leo.lib.unomaha.edu/citation.cfm?id=2017378.2017382}
}

@ARTICLE{Babaian2006,
  author = {Babaian, Tamara and Lucas, Wendy and Topi, Heikki},
  title = {Improving {ERP} usability through user-system collaboration},
  journal = {International Journal of Enterprise Information Systems},
  year = {2006},
  volume = {2},
  pages = {10-23},
  number = {3},
  month = {July-September},
  file = {Babaian2006.pdf:Babaian2006.pdf:PDF},
  keywords = {usability, erp},
  owner = {blechner},
  timestamp = {2012.02.06}
}

@TECHREPORT{Band2010,
  author = {Band, William and Evelson, Boris and Karel, Rob and Le Clair, Craig
	and Wildeman, Roy and Magarie, Andrew},
  title = {The {F}orrester {W}ave\texttrademark: {CRM} suites for large organizations,
	{Q}2 2010},
  institution = {Forrester Research, Inc.},
  year = {2010},
  number = {55828},
  file = {Band2010.pdf:Band2010.pdf:PDF},
  owner = {blechner},
  timestamp = {2012.04.10}
}

@TECHREPORT{Band2010a,
  author = {Band, William and Evelson, Boris and Karel, Rob and Le Clair, Craig
	and Wildeman, Roy and Magarie, Andrew},
  title = {The {F}orrester {W}ave\texttrademark: {CRM} suites for midsized organizations,
	{Q}2 2010},
  institution = {Forrester Research, Inc.},
  year = {2010},
  number = {56879},
  file = {Band2010a.pdf:Band2010a.pdf:PDF},
  owner = {blechner},
  timestamp = {2012.04.10}
}

@TECHREPORT{Band2008,
  author = {Band, William and Leaver, Sharyn C. and Marston, Pete and Petouhoff,
	Natalie L. and Gaynor, Elisse and Magarie, Andrew},
  title = {{The Forrester Wave\texttrademark}: {Enterprise CRM} suites, {Q3}
	2008},
  institution = {Forrester Research, Inc.},
  year = {2008},
  number = {44968},
  file = {Band2008.pdf:Band2008.pdf:PDF},
  keywords = {usability, crm},
  owner = {blechner},
  timestamp = {2012.02.20}
}

@TECHREPORT{Band2010b,
  author = {Band, William and Petouhoff, Natalie L. and Moore, Connie and Magarie,
	Andrew},
  title = {Topic overview: social {CRM} goes mainstream},
  institution = {Forrester Research, Inc.},
  year = {2010},
  file = {Band2010b.pdf:Band2010b.pdf:PDF},
  owner = {blechner},
  timestamp = {2012.04.11}
}

@BOOK{Barbour2008,
  title = {Introducing qualitative research: a student guide to the craft of
	doing qualitative research},
  publisher = {Sage Publications, Inc.},
  year = {2008},
  author = {Barbour, Rosaline R.},
  address = {London, United Kingdom},
  owner = {blechner},
  timestamp = {2012.02.23}
}

@INPROCEEDINGS{Bevan2007,
  author = {Bevan, Nigel and Spinhof, Lonneke},
  title = {Are guidelines and standards for web usability comprehensive?},
  booktitle = {Proceedings HCI International 2007},
  year = {2007},
  publisher = {Springer},
  __markedentry = {[blechner:5]},
  bdsk-file-1 = {YnBsaXN0MDDUAQIDBAUIJidUJHRvcFgkb2JqZWN0c1gkdmVyc2lvblkkYXJjaGl2ZXLRBgdUcm9vdIABqAkKFRYXGyIjVSRudWxs0wsMDQ4RFFpOUy5vYmplY3RzV05TLmtleXNWJGNsYXNzog8QgASABqISE4ACgAOAB1lhbGlhc0RhdGFccmVsYXRpdmVQYXRo0hgNGRpXTlMuZGF0YU8RAcgAAAAAAcgAAgAADE1hY2ludG9zaCBIRAAAAAAAAAAAAAAAAAAAALZ1JjBIKwAAAFWRkw1CZXZhbjIwMDcucGRmAAAAAAAAAAAAAAAAAAAAAAAAAAAAAAAAAAAAAAAAAAAAAAAAAAAAAAAAAAAAAAAAAAAAZXelyzCd2wAAAAAAAAAAAAEAAwAACSAAAAAAAAAAAAAAAAAAAAAMYmlibGlvZ3JhcGh5ABAACAAAtnV6kAAAABEACAAAyzDyOwAAAAEAGABVkZMAVZGSAFMQEgAGC+YABgvZAACZYQACAFVNYWNpbnRvc2ggSEQ6VXNlcnM6AGJsZWNobmVyOgBEb2N1bWVudHM6AERyb3Bib3g6AFRoZXNpczoAYmlibGlvZ3JhcGh5OgBCZXZhbjIwMDcucGRmAAAOABwADQBCAGUAdgBhAG4AMgAwADAANwAuAHAAZABmAA8AGgAMAE0AYQBjAGkAbgB0AG8AcwBoACAASABEABIAQlVzZXJzL2JsZWNobmVyL0RvY3VtZW50cy9Ecm9wYm94L1RoZXNpcy9iaWJsaW9ncmFwaHkvQmV2YW4yMDA3LnBkZgATAAEvAAAVAAIAD///AACABdIcHR4fWCRjbGFzc2VzWiRjbGFzc25hbWWjHyAhXU5TTXV0YWJsZURhdGFWTlNEYXRhWE5TT2JqZWN0XxAaYmlibGlvZ3JhcGh5L0JldmFuMjAwNy5wZGbSHB0kJaIlIVxOU0RpY3Rpb25hcnkSAAGGoF8QD05TS2V5ZWRBcmNoaXZlcgAIABEAFgAfACgAMgA1ADoAPABFAEsAUgBdAGUAbABvAHEAcwB2AHgAegB8AIYAkwCYAKACbAJuAnMCfAKHAosCmQKgAqkCxgLLAs4C2wLgAAAAAAAAAgEAAAAAAAAAKAAAAAAAAAAAAAAAAAAAAvI=},
  date-modified = {2012-01-20 23:22:42 +0000},
  file = {Bevan2007.pdf:Bevan2007.pdf:PDF},
  keywords = {usability, guidelines, heuristics, comparison},
  owner = {blechner},
  timestamp = {2012.01.20}
}

@INPROCEEDINGS{Briggs2009,
  author = {Briggs, Robert O. and Kolfschoten, Gwendolyn and de Vreede, Gert-Jan
	and Albrecht, Conan and Dean, Douglas R.},
  title = {A seven-layer model of collaboration: separation of concerns for
	designers of collaboration systems},
  booktitle = {ICIS 2009 Proceedings},
  year = {2009},
  number = {26},
  file = {Briggs2009.pdf:Briggs2009.pdf:PDF},
  keywords = {collaboration},
  owner = {blechner},
  timestamp = {2012.02.28}
}

@ARTICLE{Briggs2003,
  author = {Briggs, Robert O. and de Vreede, Gert-Jan and Nunamaker, Jay F. Jr.},
  title = {Collaboration engineering with {ThinkLets} to pursue sustained success
	with group support systems},
  journal = {Journal of Management Information Systems},
  year = {2003},
  volume = {19},
  pages = {31-64},
  number = {4},
  month = {Spring},
  file = {Briggs2003.pdf:Briggs2003.pdf:PDF},
  keywords = {gss, collaboration},
  owner = {blechner},
  timestamp = {2012.02.21}
}

@INPROCEEDINGS{Briggs2001,
  author = {Briggs, Robert O. and de Vreede, Gert-Jan and Nunamaker, Jay F. Jr.
	and Tobey, David},
  title = {{ThinkLets}: achieving predictable, repeatable patterns of group
	interaction with group support systems ({GSS})},
  booktitle = {Proceedings of the 34th Hawaii International Conference on System
	Sciences},
  year = {2001},
  file = {Briggs2001.pdf:Briggs2001.pdf:PDF},
  keywords = {gss, collaboration},
  owner = {blechner},
  timestamp = {2012.02.21}
}

@BOOK{Brinck2002,
  title = {Designing web sites that work},
  publisher = {Morgan Kaufmann},
  year = {2002},
  author = {Brinck, Tom and Gergle, Darren and Wood, Scott D.},
  pages = {481},
  file = {Brinck2002.pdf:Brinck2002.pdf:PDF},
  owner = {blechner},
  timestamp = {2012.05.17}
}

@BOOK{Brown2000,
  title = {Customer relationship management: a strategic imperative in the world
	of e-business},
  publisher = {John Wiley \& Sons Canada, Ltd.},
  year = {2000},
  author = {Brown, Stanley A.},
  address = {Etobicoke, Ontario},
  owner = {blechner},
  timestamp = {2012.02.23}
}

@BOOK{Brown1999,
  title = {Strategic customer care: an evolutionary approach to increasing value
	and profitability},
  publisher = {John Wiley \& Sons Canada, Ltd.},
  year = {1999},
  author = {Brown, Stanley A.},
  address = {Etobicoke, Ontario},
  owner = {blechner},
  timestamp = {2012.02.23}
}

@ARTICLE{Bull2003,
  author = {Bull, Christopher},
  title = {Strategic issues in customer relationship management {(CRM)} implementation},
  journal = {Business Process Management Journal},
  year = {2003},
  volume = {9},
  pages = {592-602},
  number = {5},
  file = {Bull2003.pdf:Bull2003.pdf:PDF},
  keywords = {crm},
  owner = {blechner},
  timestamp = {2012.02.14}
}

@BOOK{Chaffey2011,
  title = {E-business and e-commerce management: strategy, implementation and
	practice},
  publisher = {Pearson Education, Ltd.},
  year = {2011},
  author = {Chaffey, Dave},
  address = {Harlow, United Kingdom},
  edition = {5$^{th}$},
  keywords = {crm},
  owner = {blechner},
  timestamp = {2012.03.01}
}

@ARTICLE{Chalmers2003,
  author = {Chalmers, Patricia A.},
  title = {The role of cognitive theory in human-computer interface},
  journal = {Computers in Human Behavior},
  year = {2003},
  volume = {9},
  pages = {593-607},
  __markedentry = {[blechner:3]},
  doi = {10.1016/S0747-5632(02)00086-9},
  file = {Chalmers2003.pdf:Chalmers2003.pdf:PDF},
  keywords = {usability},
  owner = {blechner},
  timestamp = {2012.02.02}
}

@INPROCEEDINGS{Chattratichart2002,
  author = {Chattratichart, Jarinee and Brodie, Jacqueline},
  title = {Extending the heuristic evaluation method through contextualisation},
  booktitle = {Proceedings of the Human Factors and Ergonomics Society 46th Annual
	Meeting},
  year = {2002},
  volume = {46},
  number = {641},
  doi = {10.1177/154193120204600509},
  file = {Chattratichart2002.pdf:Chattratichart2002.pdf:PDF},
  keywords = {heuristics},
  owner = {blechner},
  timestamp = {2012.01.23},
  url = {http://pro.sagepub.com/content/46/5/641}
}

@INPROCEEDINGS{Chattratichart2008,
  author = {Chattratichart, Jarinee and Lindgaard, Gitte},
  title = {A comparative evaluation of heuristic-based usability inspection
	methods},
  booktitle = {CHI '08 extended abstracts on Human factors in computing systems},
  year = {2008},
  pages = {2213-2220},
  __markedentry = {[blechner:5]},
  bdsk-file-1 = {YnBsaXN0MDDUAQIDBAUIJidUJHRvcFgkb2JqZWN0c1gkdmVyc2lvblkkYXJjaGl2ZXLRBgdUcm9vdIABqAkKFRYXGyIjVSRudWxs0wsMDQ4RFFpOUy5vYmplY3RzV05TLmtleXNWJGNsYXNzog8QgASABqISE4ACgAOAB1lhbGlhc0RhdGFccmVsYXRpdmVQYXRo0hgNGRpXTlMuZGF0YU8RAewAAAAAAewAAgAADE1hY2ludG9zaCBIRAAAAAAAAAAAAAAAAAAAALZ1JjBIKwAAAFWRkxZDaGF0dHJhdGljaGFydDIwMDgucGRmAAAAAAAAAAAAAAAAAAAAAAAAAAAAAAAAAAAAAAAAAAAAAAAAAAAAAAAAZXefyzCdZwAAAAAAAAAAAAEAAwAACSAAAAAAAAAAAAAAAAAAAAAMYmlibGlvZ3JhcGh5ABAACAAAtnV6kAAAABEACAAAyzDxxwAAAAEAGABVkZMAVZGSAFMQEgAGC+YABgvZAACZYQACAF5NYWNpbnRvc2ggSEQ6VXNlcnM6AGJsZWNobmVyOgBEb2N1bWVudHM6AERyb3Bib3g6AFRoZXNpczoAYmlibGlvZ3JhcGh5OgBDaGF0dHJhdGljaGFydDIwMDgucGRmAA4ALgAWAEMAaABhAHQAdAByAGEAdABpAGMAaABhAHIAdAAyADAAMAA4AC4AcABkAGYADwAaAAwATQBhAGMAaQBuAHQAbwBzAGgAIABIAEQAEgBLVXNlcnMvYmxlY2huZXIvRG9jdW1lbnRzL0Ryb3Bib3gvVGhlc2lzL2JpYmxpb2dyYXBoeS9DaGF0dHJhdGljaGFydDIwMDgucGRmAAATAAEvAAAVAAIAD///AACABdIcHR4fWCRjbGFzc2VzWiRjbGFzc25hbWWjHyAhXU5TTXV0YWJsZURhdGFWTlNEYXRhWE5TT2JqZWN0XxAjYmlibGlvZ3JhcGh5L0NoYXR0cmF0aWNoYXJ0MjAwOC5wZGbSHB0kJaIlIVxOU0RpY3Rpb25hcnkSAAGGoF8QD05TS2V5ZWRBcmNoaXZlcgAIABEAFgAfACgAMgA1ADoAPABFAEsAUgBdAGUAbABvAHEAcwB2AHgAegB8AIYAkwCYAKACkAKSApcCoAKrAq8CvQLEAs0C8wL4AvsDCAMNAAAAAAAAAgEAAAAAAAAAKAAAAAAAAAAAAAAAAAAAAx8=},
  bdsk-url-1 = {http://dx.doi.org/10.1145/1358628.1358654},
  date-modified = {2012-01-20 23:22:25 +0000},
  doi = {http://dx.doi.org/10.1145/1358628.1358654},
  file = {Chattratichart2008.pdf:Chattratichart2008.pdf:PDF},
  keywords = {comparison, heuristics, usability},
  owner = {blechner},
  timestamp = {2012.01.20}
}

@ARTICLE{Chen2005,
  author = {Chen, Sherry Y. and Macredie, Robert D.},
  title = {The assessment of usability of electronic shopping: a heuristic evaluation},
  journal = {International Journal of Information Management},
  year = {2005},
  volume = {25},
  pages = {512-532},
  number = {6},
  month = {dec},
  bdsk-file-1 = {YnBsaXN0MDDUAQIDBAUIJidUJHRvcFgkb2JqZWN0c1gkdmVyc2lvblkkYXJjaGl2ZXLRBgdUcm9vdIABqAkKFRYXGyIjVSRudWxs0wsMDQ4RFFpOUy5vYmplY3RzV05TLmtleXNWJGNsYXNzog8QgASABqISE4ACgAOAB1lhbGlhc0RhdGFccmVsYXRpdmVQYXRo0hgNGRpXTlMuZGF0YU8RAcQAAAAAAcQAAgAADE1hY2ludG9zaCBIRAAAAAAAAAAAAAAAAAAAALZ1JjBIKwAAAFWRkwxDaGVuMjAwNS5wZGYAAAAAAAAAAAAAAAAAAAAAAAAAAAAAAAAAAAAAAAAAAAAAAAAAAAAAAAAAAAAAAAAAAAAAZXgFyz7/1AAAAAAAAAAAAAEAAwAACSAAAAAAAAAAAAAAAAAAAAAMYmlibGlvZ3JhcGh5ABAACAAAtnV6kAAAABEACAAAyz9UNAAAAAEAGABVkZMAVZGSAFMQEgAGC+YABgvZAACZYQACAFRNYWNpbnRvc2ggSEQ6VXNlcnM6AGJsZWNobmVyOgBEb2N1bWVudHM6AERyb3Bib3g6AFRoZXNpczoAYmlibGlvZ3JhcGh5OgBDaGVuMjAwNS5wZGYADgAaAAwAQwBoAGUAbgAyADAAMAA1AC4AcABkAGYADwAaAAwATQBhAGMAaQBuAHQAbwBzAGgAIABIAEQAEgBBVXNlcnMvYmxlY2huZXIvRG9jdW1lbnRzL0Ryb3Bib3gvVGhlc2lzL2JpYmxpb2dyYXBoeS9DaGVuMjAwNS5wZGYAABMAAS8AABUAAgAP//8AAIAF0hwdHh9YJGNsYXNzZXNaJGNsYXNzbmFtZaMfICFdTlNNdXRhYmxlRGF0YVZOU0RhdGFYTlNPYmplY3RfEBliaWJsaW9ncmFwaHkvQ2hlbjIwMDUucGRm0hwdJCWiJSFcTlNEaWN0aW9uYXJ5EgABhqBfEA9OU0tleWVkQXJjaGl2ZXIACAARABYAHwAoADIANQA6ADwARQBLAFIAXQBlAGwAbwBxAHMAdgB4AHoAfACGAJMAmACgAmgCagJvAngCgwKHApUCnAKlAsECxgLJAtYC2wAAAAAAAAIBAAAAAAAAACgAAAAAAAAAAAAAAAAAAALt},
  bdsk-url-1 = {http://dx.doi.org/10.1016/j.ijinfomgt.2005.08.008},
  date-modified = {2012-01-20 23:22:11 +0000},
  doi = {http://dx.doi.org/10.1016/j.ijinfomgt.2005.08.008},
  file = {Chen2005.pdf:Chen2005.pdf:PDF},
  keywords = {usability, web, heuristics},
  owner = {blechner},
  timestamp = {2012.01.20}
}

@BOOK{Cooper2011,
  title = {Business Research Methods},
  publisher = {McGraw-Hill},
  year = {2011},
  author = {Cooper, Donald R. and Schindler, Pamela S.},
  address = {New York, NY},
  edition = {11$^{th}$},
  keywords = {research},
  owner = {blechner},
  timestamp = {2012.02.20}
}

@BOOK{Creswell1994,
  title = {Research design: qualitative \& quantitative approaches},
  publisher = {SAGE Publications},
  year = {1994},
  author = {Creswell, John W.},
  address = {Thousand Oaks, CA},
  keywords = {research},
  owner = {blechner},
  timestamp = {2012.01.26}
}

@BOOK{Cunningham2002,
  title = {Customer relationship management},
  publisher = {Capstone Pub.},
  year = {2002},
  author = {Cunningham, Michael J.},
  address = {Oxford, England},
  file = {:C\:\\Users\\blechner\\Documents\\Dropbox\\Thesis\\bibliography\\Cunningham2002-1.pdf:PDF},
  owner = {blechner},
  timestamp = {2012.02.22},
  url = {http://encore.lib.unomaha.edu/iii/encore/record/C__Rb2206346__Scustomer+relationship+management__P0%2C2__Orightresult__X5?lang=eng&suite=pearl}
}

@ARTICLE{DeJong2000,
  author = {De Jong, Menno and Van Der Geest, Thea},
  title = {Characterizing web heuristics},
  journal = {Technical Communication},
  year = {2000},
  volume = {47},
  pages = {311-326},
  number = {3},
  month = {aug},
  bdsk-file-1 = {YnBsaXN0MDDUAQIDBAUIJidUJHRvcFgkb2JqZWN0c1gkdmVyc2lvblkkYXJjaGl2ZXLRBgdUcm9vdIABqAkKFRYXGyIjVSRudWxs0wsMDQ4RFFpOUy5vYmplY3RzV05TLmtleXNWJGNsYXNzog8QgASABqISE4ACgAOAB1lhbGlhc0RhdGFccmVsYXRpdmVQYXRo0hgNGRpXTlMuZGF0YU8RAdAAAAAAAdAAAgAADE1hY2ludG9zaCBIRAAAAAAAAAAAAAAAAAAAALZ1JjBIKwAAAFWRkw9EZSBKb25nMjAwMC5wZGYAAAAAAAAAAAAAAAAAAAAAAAAAAAAAAAAAAAAAAAAAAAAAAAAAAAAAAAAAAAAAAAAAZXenyy4YWAAAAAAAAAAAAAEAAwAACSAAAAAAAAAAAAAAAAAAAAAMYmlibGlvZ3JhcGh5ABAACAAAtnV6kAAAABEACAAAyy5suAAAAAEAGABVkZMAVZGSAFMQEgAGC+YABgvZAACZYQACAFdNYWNpbnRvc2ggSEQ6VXNlcnM6AGJsZWNobmVyOgBEb2N1bWVudHM6AERyb3Bib3g6AFRoZXNpczoAYmlibGlvZ3JhcGh5OgBEZSBKb25nMjAwMC5wZGYAAA4AIAAPAEQAZQAgAEoAbwBuAGcAMgAwADAAMAAuAHAAZABmAA8AGgAMAE0AYQBjAGkAbgB0AG8AcwBoACAASABEABIARFVzZXJzL2JsZWNobmVyL0RvY3VtZW50cy9Ecm9wYm94L1RoZXNpcy9iaWJsaW9ncmFwaHkvRGUgSm9uZzIwMDAucGRmABMAAS8AABUAAgAP//8AAIAF0hwdHh9YJGNsYXNzZXNaJGNsYXNzbmFtZaMfICFdTlNNdXRhYmxlRGF0YVZOU0RhdGFYTlNPYmplY3RfEBxiaWJsaW9ncmFwaHkvRGUgSm9uZzIwMDAucGRm0hwdJCWiJSFcTlNEaWN0aW9uYXJ5EgABhqBfEA9OU0tleWVkQXJjaGl2ZXIACAARABYAHwAoADIANQA6ADwARQBLAFIAXQBlAGwAbwBxAHMAdgB4AHoAfACGAJMAmACgAnQCdgJ7AoQCjwKTAqECqAKxAtAC1QLYAuUC6gAAAAAAAAIBAAAAAAAAACgAAAAAAAAAAAAAAAAAAAL8},
  date-modified = {2012-01-20 23:21:38 +0000},
  file = {:C\:\\Users\\blechner\\Documents\\Dropbox\\Thesis\\bibliography\\De Jong2000.pdf:PDF},
  keywords = {web, heuristics},
  owner = {blechner},
  timestamp = {2012.01.20}
}

@ARTICLE{DeLone2004,
  author = {DeLone, William H. and McLean, Ephraim R.},
  title = {Measuring e-commerce success: applying the {DeLone \& McLean Information
	Systems Success Model}},
  journal = {International Journal of Electronic Commerce},
  year = {2004},
  volume = {9},
  pages = {31-47},
  number = {1},
  month = {Fall},
  file = {DeLone2004.pdf:DeLone2004.pdf:PDF},
  keywords = {success, theory, e-commerce},
  owner = {blechner},
  timestamp = {2012.02.06}
}

@ARTICLE{DeLone2003,
  author = {DeLone, William H. and McLean, Ephraim R.},
  title = {The {DeLone and McLean} model of information systems success: a ten-year
	update},
  journal = {Journal of Management Information Systems},
  year = {2003},
  volume = {19},
  pages = {9-30},
  number = {4},
  month = {Spring},
  file = {DeLone2003.pdf:DeLone2003.pdf:PDF},
  keywords = {success, theory},
  owner = {blechner},
  timestamp = {2012.02.07}
}

@ARTICLE{DeLone1992,
  author = {DeLone, William H. and McLean, Ephraim R.},
  title = {Information systems success: the quest for the dependent variable},
  journal = {Information Systems Research},
  year = {1992},
  volume = {3},
  pages = {60-95},
  number = {1},
  month = {mar},
  file = {DeLone1992.pdf:DeLone1992.pdf:PDF},
  keywords = {success, theory},
  owner = {blechner},
  timestamp = {2012.02.06}
}

@INPROCEEDINGS{Dringus2005,
  author = {Dringus, Laurie P. and Cohen, Maxine S.},
  title = {An adaptable usability heuristic checklist for online courses},
  booktitle = {Proceedings of the 35th Annual Conference on Frontiers in Education},
  year = {2005},
  address = {Indianapolis, IN},
  month = {oct},
  publisher = {IEEE},
  file = {Dringus2005.pdf:Dringus2005.pdf:PDF},
  owner = {blechner},
  timestamp = {2012.05.17}
}

@INCOLLECTION{Ebner2003,
  author = {Ebner, Manuel},
  title = {Rescuing {CRM}---{Part III}},
  booktitle = {Point for Credit Union Research \& Advice},
  year = {2003},
  owner = {blechner},
  timestamp = {2012.04.09}
}

@BOOK{Edmunds1999,
  title = {The focus group research handbook},
  publisher = {American Marketing Association},
  year = {1999},
  author = {Edmunds, Holly},
  owner = {blechner},
  timestamp = {2012.05.30}
}

@INPROCEEDINGS{Fjermestad2003,
  author = {Fjermestad, Jerry and Romano, Nicholas C. Jr.},
  title = {An integrative implementation framework for electronic customer relationship
	management: revisiting the general principles of usability and resistance},
  booktitle = {Proceedings of the 36th Hawaii International Conference on System
	Sciences},
  year = {2003},
  file = {Fjermestad2003.pdf:Fjermestad2003.pdf:PDF},
  keywords = {crm, usability},
  owner = {blechner},
  timestamp = {2012.04.05}
}

@ARTICLE{Fjermestad2003a,
  author = {Fjermestad, Jerry and Romano, Nicholas C. Jr.},
  title = {Electronic customer relationship management: revisiting the general
	principles of usability and resistance---an integrative implementation
	framework},
  journal = {Business Process Management Journal},
  year = {2003},
  volume = {9},
  pages = {572-591},
  number = {5},
  file = {Fjermestad2003a.pdf:Fjermestad2003a.pdf:PDF},
  keywords = {crm, usability},
  owner = {blechner},
  timestamp = {2012.04.05}
}

@ARTICLE{Freire2012,
  author = {Freire, Luciana Lopes and Arezes, Pedro Miguel and Campos, José Creissac},
  title = {A literature review about usability evaluation methods for e-learning
	platforms},
  journal = {Work: A Journal of Prevention, Assessment and Rehabilitation},
  year = {2012},
  volume = {41},
  pages = {1038-1044},
  file = {Freire2012.pdf:Freire2012.pdf:PDF},
  keywords = {special uses},
  owner = {blechner},
  timestamp = {2012.04.23}
}

@ARTICLE{Fry1984,
  author = {Fry, Louis W. and Slocum, John W. Jr.},
  title = {Technology, structure, and workgroup effectiveness: a test of a contingency
	model},
  journal = {The Academy of Management Journal},
  year = {1984},
  volume = {27},
  pages = {221-246},
  number = {2},
  month = {jun},
  file = {Fry1984.pdf:Fry1984.pdf:PDF},
  owner = {blechner},
  timestamp = {2012.08.07}
}

@ARTICLE{Gable2008,
  author = {Gable, Guy G. and Sedera, Darshana and Chan, Taizan},
  title = {Re-conceptualizing information system success: the {IS}-impact measurement
	model},
  journal = {Journal of the Association for Information Systems},
  year = {2008},
  volume = {9},
  pages = {377-408},
  number = {7},
  month = {jul},
  file = {Gable2008.pdf:Gable2008.pdf:PDF},
  owner = {blechner},
  timestamp = {2012.06.06}
}

@INCOLLECTION{Garcia2005,
  author = {Garcia, Ana and Maciel, Cristiano and Pinto, Fernando},
  title = {A quality inspection method to evaluate e-government sites},
  booktitle = {Electronic Government},
  publisher = {Springer Berlin/Heidelberg},
  year = {2005},
  editor = {Wimmer, Maria and Traunm{\"u}ller, Roland and Gr{\"o}nlund, Åke and
	Andersen, Kim},
  volume = {3591},
  series = {Lecture Notes in Computer Science},
  pages = {198-209},
  doi = {10.1007/11545156_19},
  file = {Garcia2005.pdf:Garcia2005.pdf:PDF},
  owner = {blechner},
  timestamp = {2012.05.07}
}

@BOOK{Golden-Biddle2007,
  title = {Composing qualitative research},
  publisher = {Sage Publications, Inc.},
  year = {2007},
  author = {Golden-Biddle, Karen and Locke, Karen},
  address = {Thousand Oaks, CA},
  edition = {2$^{nd}$},
  owner = {blechner},
  timestamp = {2012.02.23}
}

@INCOLLECTION{Goodhue2006,
  author = {Goodhue, Dale L.},
  title = {Task-technology fit: a critical (but often missing!) construct in
	models of information systems and performance},
  booktitle = {Human-Computer Interaction and Management Information Systems: Foundations},
  publisher = {M.E.\ Sharpe},
  year = {2006},
  editor = {Zhang, Ping and Galletta, Dennis},
  volume = {5},
  series = {Advances in Management Information Systems},
  chapter = {9},
  pages = {184-204},
  address = {Armonk, NY},
  keywords = {ttf, theory},
  owner = {blechner},
  timestamp = {2012.02.06}
}

@ARTICLE{Goodhue1998,
  author = {Goodhue, D. L.},
  title = {Development and measurement validity of a task-technology fit instrument
	for user evaluations of information systems},
  journal = {Decision Sciences},
  year = {1998},
  volume = {29},
  pages = {105-138},
  number = {1},
  month = {Winter},
  file = {Goodhue1998.pdf:Goodhue1998.pdf:PDF},
  keywords = {ttf, theory},
  owner = {blechner},
  timestamp = {2012.02.08}
}

@ARTICLE{Goodhue1995,
  author = {Goodhue, Dale L.},
  title = {Understanding user evaluations of information systems},
  journal = {Management Science},
  year = {1995},
  volume = {41},
  pages = {1827-1844},
  number = {12},
  month = {dec},
  file = {Goodhue1995.pdf:Goodhue1995.pdf:PDF},
  keywords = {theory, ttf},
  owner = {blechner},
  timestamp = {2012.02.08}
}

@ARTICLE{Goodhue1995a,
  author = {Goodhue, Dale L. and Thompson, Ronald L.},
  title = {Task-technology fit and individual performance},
  journal = {MIS Quarterly},
  year = {1995},
  volume = {19},
  pages = {213-236},
  number = {2},
  month = {jun},
  file = {Goodhue1995a.pdf:Goodhue1995a.pdf:PDF},
  keywords = {statistics, ttf, theory},
  owner = {blechner},
  timestamp = {2012.02.08},
  url = {http://www.jstor.org/stable/249689}
}

@ARTICLE{Gould1985,
  author = {Gould, John D. and Lewis, Clayton},
  title = {Designing for usability: key principles and what designers think},
  journal = {Communications of the ACM},
  year = {1985},
  volume = {28},
  pages = {300-311},
  number = {3},
  month = {mar},
  doi = {10.1145/3166.3170},
  file = {Gould1985.pdf:Gould1985.pdf:PDF},
  owner = {blechner},
  timestamp = {2012.05.08}
}

@INCOLLECTION{Greenfield2008,
  author = {Greenfield, Dave},
  title = {{CRM}'s {SAAS} challenge},
  booktitle = {eWeek},
  year = {2008},
  pages = {35},
  file = {Greenfield2008.pdf:Greenfield2008.pdf:PDF},
  owner = {blechner},
  timestamp = {2012.04.09}
}

@ARTICLE{Gummesson2004,
  author = {Gummesson, Evert},
  title = {Return on relationships ({ROR}): the value of relationship marketing
	and {CRM} in the business-to-business contexts},
  journal = {Journal of Business \& International Marketing},
  year = {2004},
  volume = {19},
  pages = {136-148},
  number = {2},
  file = {Gummesson2004.pdf:Gummesson2004.pdf:PDF},
  keywords = {crm},
  owner = {blechner},
  timestamp = {2012.03.01}
}

@ARTICLE{Hamilton1981,
  author = {Hamilton, Scott and Chervany, Norman L.},
  title = {Evaluating information system effectivness -- part {II}: comparing
	evaluator viewpoints},
  journal = {MIS Quarterly},
  year = {1981},
  volume = {5},
  pages = {79-86},
  number = {4},
  month = {dec},
  file = {Hamilton1981.pdf:Hamilton1981.pdf:PDF},
  owner = {blechner},
  timestamp = {2012.08.07}
}

@ARTICLE{Hamilton1981a,
  author = {Hamilton, Scott and Chervany, Norman L.},
  title = {Evaluating information system effectiveness -- part {I}: comparing
	evaluation approaches},
  journal = {MIS Quarterly},
  year = {1981},
  volume = {5},
  pages = {55-69},
  number = {3},
  month = {sep},
  file = {Hamilton1981a.pdf:Hamilton1981a.pdf:PDF},
  owner = {blechner},
  timestamp = {2012.08.07}
}

@INPROCEEDINGS{Harper2003,
  author = {Harper, Simon and Goble, Carole and Stevens, Robert},
  title = {Traversing the {Web}: mobility heuristics for visually impaired surfers},
  booktitle = {Proceedings of the Fourth International Conference on Web Information
	Systems Engineering},
  year = {2003},
  pages = {200-208},
  address = {Manchester, UK},
  month = {dec},
  file = {Harper2003.pdf:Harper2003.pdf:PDF},
  keywords = {special users},
  owner = {blechner},
  timestamp = {2012.04.11}
}

@ARTICLE{Hartson2001,
  author = {Hartson, H. R. and Andre, T. S. and Williges, Robert C.},
  title = {Criteria for evaluating usability evaluation methods},
  journal = {International Journal of Human-Computer Interaction},
  year = {2001},
  volume = {13},
  pages = {373-410},
  number = {4},
  file = {Hartson2001.pdf:Hartson2001.pdf:PDF},
  keywords = {usability, comparison},
  owner = {blechner},
  timestamp = {2012.01.23}
}

@INCOLLECTION{Hasan2009,
  author = {Hasan, Layla and Morris, Anne and Probets, Steve},
  title = {Using {G}oogle {A}nalytics to evaluate the usability of e-commerce
	sites},
  booktitle = {Human Centered Design},
  publisher = {Springer},
  year = {2009},
  editor = {Kurosu, Masaaki},
  volume = {5619},
  series = {Lecture Notes in Computer Science},
  pages = {697-706},
  address = {Berlin, Germany},
  bdsk-file-1 = {YnBsaXN0MDDUAQIDBAUIJidUJHRvcFgkb2JqZWN0c1gkdmVyc2lvblkkYXJjaGl2ZXLRBgdUcm9vdIABqAkKFRYXGyIjVSRudWxs0wsMDQ4RFFpOUy5vYmplY3RzV05TLmtleXNWJGNsYXNzog8QgASABqISE4ACgAOAB1lhbGlhc0RhdGFccmVsYXRpdmVQYXRo0hgNGRpXTlMuZGF0YU8RAcgAAAAAAcgAAgAADE1hY2ludG9zaCBIRAAAAAAAAAAAAAAAAAAAALZ1JjBIKwAAAFWRkw1IYXNhbjIwMDkucGRmAAAAAAAAAAAAAAAAAAAAAAAAAAAAAAAAAAAAAAAAAAAAAAAAAAAAAAAAAAAAAAAAAAAAZXfoyz73kwAAAAAAAAAAAAEAAwAACSAAAAAAAAAAAAAAAAAAAAAMYmlibGlvZ3JhcGh5ABAACAAAtnV6kAAAABEACAAAyz9L8wAAAAEAGABVkZMAVZGSAFMQEgAGC+YABgvZAACZYQACAFVNYWNpbnRvc2ggSEQ6VXNlcnM6AGJsZWNobmVyOgBEb2N1bWVudHM6AERyb3Bib3g6AFRoZXNpczoAYmlibGlvZ3JhcGh5OgBIYXNhbjIwMDkucGRmAAAOABwADQBIAGEAcwBhAG4AMgAwADAAOQAuAHAAZABmAA8AGgAMAE0AYQBjAGkAbgB0AG8AcwBoACAASABEABIAQlVzZXJzL2JsZWNobmVyL0RvY3VtZW50cy9Ecm9wYm94L1RoZXNpcy9iaWJsaW9ncmFwaHkvSGFzYW4yMDA5LnBkZgATAAEvAAAVAAIAD///AACABdIcHR4fWCRjbGFzc2VzWiRjbGFzc25hbWWjHyAhXU5TTXV0YWJsZURhdGFWTlNEYXRhWE5TT2JqZWN0XxAaYmlibGlvZ3JhcGh5L0hhc2FuMjAwOS5wZGbSHB0kJaIlIVxOU0RpY3Rpb25hcnkSAAGGoF8QD05TS2V5ZWRBcmNoaXZlcgAIABEAFgAfACgAMgA1ADoAPABFAEsAUgBdAGUAbABvAHEAcwB2AHgAegB8AIYAkwCYAKACbAJuAnMCfAKHAosCmQKgAqkCxgLLAs4C2wLgAAAAAAAAAgEAAAAAAAAAKAAAAAAAAAAAAAAAAAAAAvI=},
  bdsk-url-1 = {http://dx.doi.org/10.1007/978-3-642-02806-9_81},
  date-modified = {2012-01-20 23:21:28 +0000},
  doi = {10.1007/978-3-642-02806-9_81},
  file = {Hasan2009.pdf:Hasan2009.pdf:PDF},
  keywords = {usability, web, analytics},
  owner = {blechner},
  timestamp = {2012.01.20}
}

@ARTICLE{Hertzum2001,
  author = {Hertzum, Morten and Jacobsen, Niels Ebbe},
  title = {The evaluator effect: a chilling fact about usability evaluation
	methods},
  journal = {International Journal of Human-Computer Interaction},
  year = {2001},
  volume = {13},
  pages = {421-443},
  number = {4},
  file = {Hertzum2001.pdf:Hertzum2001.pdf:PDF},
  keywords = {heuristics},
  owner = {blechner},
  timestamp = {2012.04.23}
}

@ARTICLE{Hevner2004,
  author = {Hevner, Alan R. and March, Salvatore T. and Park, Jinsoo},
  title = {Design science in information systems research},
  journal = {MIS Quarterly},
  year = {2004},
  volume = {28},
  pages = {75-105},
  number = {1},
  month = {mar},
  file = {Hevner2004.pdf:Hevner2004.pdf:PDF},
  keywords = {design science research},
  owner = {blechner},
  timestamp = {2011.12.15}
}

@MISC{Howells2012,
  author = {Howells, Leigh},
  title = {A guide to heuristic website reviews},
  howpublished = {http://uxdesign.smashingmagazine.com/2011/12/16/guide-heuristic-website-reviews/},
  month = {dec},
  year = {2012},
  date-added = {2011-12-16 16:33:18 +0000},
  date-modified = {2012-01-20 23:25:41 +0000},
  keywords = {heuristics, web}
}

@ARTICLE{Hsiehforthcoming,
  author = {Hsieh, J. J.\ Po-An and Rai, Arun and Petter, Stacie and Zhang, Ting},
  title = {Impact of user satisfaction with mandated {CRM} use on employee service
	quality},
  journal = {MIS Quarterly},
  year = {ms},
  note = {forthcoming},
  file = {Hsiehforthcoming.pdf:Hsiehforthcoming.pdf:PDF},
  keywords = {crm, mandatory, usability},
  owner = {blechner},
  timestamp = {2012.02.03}
}

@INPROCEEDINGS{Iivari2009,
  author = {Iivari, Juhani and Venable, John R.},
  title = {Action research and design science research--seemingly similar but
	decisively dissimilar},
  booktitle = {ECIS 2009 Proceedings},
  year = {2009},
  number = {73},
  pages = {12},
  bdsk-url-1 = {http://aisel.aisnet.org/ecis2009/73},
  file = {Iivari2009.pdf:Iivari2009.pdf:PDF},
  keywords = {design science research},
  owner = {blechner},
  timestamp = {2011.12.15},
  url = {http://aisel.aisnet.org/ecis2009/73}
}

@ARTICLE{Ives1984,
  author = {Ives, Blake and Olson, Margrethe H.},
  title = {User involvement and {MIS} success: a review of research},
  journal = {Management Science},
  year = {1984},
  volume = {30},
  pages = {586-603},
  number = {5},
  month = {may},
  file = {Ives1984.pdf:Ives1984.pdf:PDF},
  keywords = {success},
  owner = {blechner},
  timestamp = {2012.02.06},
  url = {http://www.jstor.org/stable/2631374}
}

@ARTICLE{Jaervinen2007,
  author = {J{\"a}rvinen, Pertti},
  title = {Action research is similar to decision science},
  journal = {Quality and Quantity},
  year = {2007},
  volume = {41},
  pages = {37},
  number = {1},
  month = {feb},
  date-modified = {2011-12-16 16:34:33 +0000},
  file = {Jaervinen2007.pdf:Jaervinen2007.pdf:PDF},
  keywords = {design science research},
  owner = {blechner},
  timestamp = {2011.12.15}
}

@INBOOK{Jeffries1994,
  chapter = {Usability Problem Reports: Helping evaluators communicate effectively
	with developers},
  title = {Usability Inspection Methods},
  publisher = {John Wiley \& Sons, Ltd.},
  year = {1994},
  editor = {Nielsen, Jakob and Mack, Robert L.},
  author = {Jeffries, Robin},
  address = {New York, NY},
  owner = {blechner},
  timestamp = {2012.05.17}
}

@ARTICLE{Ji2006,
  author = {Ji, Yong Gu and Park, Jun Ho and Lee, Cheol and Yun, Myung Hwan},
  title = {A usability checklist for the usability evaluation of mobile phone
	user interface},
  journal = {International Journal of Human-Computer Interaction},
  year = {2006},
  volume = {20},
  pages = {207-231},
  number = {3},
  bdsk-file-1 = {YnBsaXN0MDDUAQIDBAUIJidUJHRvcFgkb2JqZWN0c1gkdmVyc2lvblkkYXJjaGl2ZXLRBgdUcm9vdIABqAkKFRYXGyIjVSRudWxs0wsMDQ4RFFpOUy5vYmplY3RzV05TLmtleXNWJGNsYXNzog8QgASABqISE4ACgAOAB1lhbGlhc0RhdGFccmVsYXRpdmVQYXRo0hgNGRpXTlMuZGF0YU8RAbwAAAAAAbwAAgAADE1hY2ludG9zaCBIRAAAAAAAAAAAAAAAAAAAALZ1JjBIKwAAAFWRkwpKaTIwMDYucGRmAAAAAAAAAAAAAAAAAAAAAAAAAAAAAAAAAAAAAAAAAAAAAAAAAAAAAAAAAAAAAAAAAAAAAAAAZQPfyzys/QAAAAAAAAAAAAEAAwAACSAAAAAAAAAAAAAAAAAAAAAMYmlibGlvZ3JhcGh5ABAACAAAtnV6kAAAABEACAAAyz0BXQAAAAEAGABVkZMAVZGSAFMQEgAGC+YABgvZAACZYQACAFJNYWNpbnRvc2ggSEQ6VXNlcnM6AGJsZWNobmVyOgBEb2N1bWVudHM6AERyb3Bib3g6AFRoZXNpczoAYmlibGlvZ3JhcGh5OgBKaTIwMDYucGRmAA4AFgAKAEoAaQAyADAAMAA2AC4AcABkAGYADwAaAAwATQBhAGMAaQBuAHQAbwBzAGgAIABIAEQAEgA/VXNlcnMvYmxlY2huZXIvRG9jdW1lbnRzL0Ryb3Bib3gvVGhlc2lzL2JpYmxpb2dyYXBoeS9KaTIwMDYucGRmAAATAAEvAAAVAAIAD///AACABdIcHR4fWCRjbGFzc2VzWiRjbGFzc25hbWWjHyAhXU5TTXV0YWJsZURhdGFWTlNEYXRhWE5TT2JqZWN0XxAXYmlibGlvZ3JhcGh5L0ppMjAwNi5wZGbSHB0kJaIlIVxOU0RpY3Rpb25hcnkSAAGGoF8QD05TS2V5ZWRBcmNoaXZlcgAIABEAFgAfACgAMgA1ADoAPABFAEsAUgBdAGUAbABvAHEAcwB2AHgAegB8AIYAkwCYAKACYAJiAmcCcAJ7An8CjQKUAp0CtwK8Ar8CzALRAAAAAAAAAgEAAAAAAAAAKAAAAAAAAAAAAAAAAAAAAuM=},
  date-added = {2012-01-20 23:29:01 +0000},
  date-modified = {2012-01-20 23:29:01 +0000},
  file = {Ji2006.pdf:Ji2006.pdf:PDF},
  keywords = {usability, mobile}
}

@ELECTRONIC{Jones2012,
  author = {Jones, Steve D.},
  month = {apr},
  year = {2012},
  title = {{IBM}'s pick of {SugarCRM} creates more rivals for {Oracle}},
  note = {Retrieved 5 May, 2012, from \url{http://blogs.wsj.com/digits/2012/04/30/ibms-pick-of-sugarcrm-creates-more-rivals-for-oracle/}},
  url = {http://blogs.wsj.com/digits/2012/04/30/ibms-pick-of-sugarcrm-creates-more-rivals-for-oracle/},
  journal = {Wall Street Journal},
  owner = {blechner},
  timestamp = {2012.05.02}
}

@INPROCEEDINGS{Karat1990,
  author = {Karat, Clare-Marie},
  title = {Cost-benefit analysis of usability engineering techniques},
  booktitle = {Proceedings of the Human Factors and Ergonomics Society Annual Meeting},
  year = {1990},
  volume = {34},
  pages = {839-843},
  doi = {10.1177/154193129003401203},
  file = {Karat1990.pdf:Karat1990.pdf:PDF},
  keywords = {usability, benefits},
  owner = {blechner},
  timestamp = {2012.02.06}
}

@INCOLLECTION{Kemp2001,
  author = {Kemp, Ted},
  title = {{CRM} stumbles amid usability shortcomings},
  booktitle = {InternetWeek},
  year = {2001},
  number = {856},
  file = {Kemp2001.pdf:Kemp2001.pdf:PDF},
  owner = {blechner},
  timestamp = {2012.04.09}
}

@ARTICLE{Kim2003,
  author = {Kim, Jonghyeok and Suh, Euiho and Hwang, Hyunseok},
  title = {A model for evaluating the effectiveness of {CRM} using the balanced
	scorecard},
  journal = {Journal of Interactive Marketing},
  year = {2003},
  volume = {17},
  pages = {5-19},
  number = {2},
  month = {Spring},
  file = {Kim2003.pdf:Kim2003.pdf:PDF},
  keywords = {crm, usability},
  owner = {blechner},
  timestamp = {2012.04.05}
}

@INCOLLECTION{Kolfschoten2004,
  author = {Kolfschoten, Gwendolyn L. and Briggs, Robert O. and Appelman, Jaco
	H. and de Vreede, Gert-Jan},
  title = {{ThinkLets} as building blocks for collaboration processes: a further
	conceptualization},
  booktitle = {Groupware: Deisgn, Implementation, and Use},
  publisher = {Springer},
  year = {2004},
  editor = {de Vreede, Gert-Jan and Guerrero, Luis and Marín Raventós, Gabriela},
  volume = {3198},
  series = {Lecture Notes in Computer Science},
  pages = {137-152},
  address = {Berlin / Heidelberg, Germany},
  doi = {10.1007/978-3-540-30112-7_12},
  keywords = {collaboration},
  owner = {blechner},
  timestamp = {2012.02.27}
}

@ARTICLE{Kolfschoten2010,
  author = {Kolfschoten, Gwendolyn L. and de Vreede, Gert-Jan and Briggs, Robert
	O. and Sol, Henk G.},
  title = {Collaboration `Engineerability'},
  journal = {Group Decision and Negotiation},
  year = {2010},
  volume = {19},
  pages = {301-321},
  number = {3},
  month = {may},
  file = {Kolfschoten2010.pdf:Kolfschoten2010.pdf:PDF},
  keywords = {collaboration},
  owner = {blechner},
  timestamp = {2012.02.27}
}

@INCOLLECTION{Krueger1998,
  author = {Krueger, Richard A.},
  title = {Analyzing \& reporting focus group results},
  booktitle = {The focus group kit},
  publisher = {Sage Publications, Inc.},
  year = {1998},
  editor = {Morgan, D. L. and Krueger, R. A.},
  volume = {6},
  pages = {1-138},
  address = {Thousand Oaks, CA},
  owner = {blechner},
  timestamp = {2012.05.30}
}

@BOOK{Krug2006,
  title = {Don't make me think! {A} common sense approach to web usability},
  publisher = {New Riders Publishing},
  year = {2006},
  author = {Krug, Steve},
  address = {Berkeley, CA},
  edition = {2$^{nd}$},
  keywords = {usability, web},
  owner = {blechner},
  timestamp = {2012.01.23}
}

@TECHREPORT{Lavery1996,
  author = {Lavery, Darryn and Cockton, Gilbert and Atkinson, Malcolm},
  title = {Heuristic evaluation: usability evaluation materials},
  institution = {University of Glasgow},
  year = {1996},
  address = {Glasgow, UK},
  month = {apr},
  abstract = {Based on Nielsen1994a, Nielsen1990, Jeffries1994},
  file = {Lavery1996.pdf:Lavery1996.pdf:PDF},
  owner = {blechner},
  timestamp = {2012.05.17},
  url = {http://www.dcs.gla.ac.uk/asp/materials/HE_1.0/}
}

@TECHREPORT{Leavitt2006,
  author = {Leavitt, M. O. and Shneiderman, B.},
  title = {Research-based web design \& usability guidelines},
  institution = {U.S.\ Department of Health and Human Services},
  year = {2006},
  editor = {Leavitt, Michael O. and Shneiderman, Ben},
  file = {Leavitt2006.pdf:Leavitt2006.pdf:PDF},
  keywords = {web, usability, heuristics},
  owner = {blechner},
  timestamp = {2012.01.23}
}

@TECHREPORT{Levi2008,
  author = {Levi, Michael D. and Conrad, Frederick G.},
  title = {A heuristic evaluation of a world wide web prototype},
  institution = {Bureau of Labor Statistics},
  year = {2008},
  file = {Levi2008.pdf:Levi2008.pdf:PDF},
  keywords = {web, usability},
  owner = {blechner},
  timestamp = {2012.01.23},
  url = {http://www.bls.gov/ore/htm_papers/st960160.htm}
}

@ARTICLE{Lewis1995,
  author = {Lewis, James R.},
  title = {{IBM} computer usability satisfaction questionnaires: psychometric
	evaluation and instructions for use},
  journal = {International Journal of Human-Computer Interaction},
  year = {1995},
  volume = {7},
  pages = {57-78},
  number = {1},
  file = {Lewis1995.pdf:Lewis1995.pdf:PDF},
  keywords = {pssuq, theory},
  owner = {blechner},
  timestamp = {2012.01.23}
}

@INPROCEEDINGS{Lewis1992,
  author = {Lewis, James R.},
  title = {Psychometric evaluation of the post-study system usability questionnaire:
	the {PSSUQ}},
  booktitle = {Proceedings of the Human Factors Society 36th Annual Meeting},
  year = {1992},
  file = {Lewis1992.pdf:Lewis1992.pdf:PDF},
  keywords = {pssuq, theory},
  owner = {blechner},
  timestamp = {2012.01.23}
}

@ARTICLE{Ling2001,
  author = {Ling, Raymond and Yen, David C.},
  title = {Customer relationship management: an analysis framework and implementation
	strategies},
  journal = {Journal of Computer Information Systems},
  year = {2001},
  volume = {43},
  pages = {82-97},
  number = {3},
  month = {Spring},
  file = {Ling2001.pdf:Ling2001.pdf:PDF},
  keywords = {crm},
  owner = {blechner},
  timestamp = {2012.02.14}
}

@ARTICLE{March1995,
  author = {March, Salvatore T. and Smith, Gerald F.},
  title = {Design and natural science research on information technology},
  journal = {Decision Support Systems},
  year = {1995},
  volume = {15},
  pages = {251-266},
  number = {4},
  month = {dec},
  file = {March1995.pdf:March1995.pdf:PDF},
  keywords = {design science research},
  owner = {blechner},
  timestamp = {2011.12.15}
}

@INBOOK{Marcus2005,
  chapter = {User interface design's return on investment: examples and statistics},
  pages = {17-39},
  title = {Cost-justifying usability: an update for the {Internet} age},
  publisher = {Morgan Kaufmann},
  year = {2005},
  editor = {Bias, Randolph G. and Mayhew, Deborah J.},
  author = {Marcus, Aaron},
  edition = {2$^{nd}$},
  owner = {blechner},
  timestamp = {2012.07.19}
}

@BOOK{Marshall1999,
  title = {Designing qualitative research},
  publisher = {Sage Publications, Inc.},
  year = {1999},
  author = {Marshall, Catherine and Rossman, Gretchen B.},
  address = {Thousand Oaks, CA},
  edition = {3$^{rd}$},
  owner = {blechner},
  timestamp = {2012.02.23}
}

@BOOK{Mayhew1999,
  title = {The usability engineering lifecycle},
  publisher = {Morgan Kaufmann},
  year = {1999},
  author = {Mayhew, Deborah J.},
  owner = {blechner},
  timestamp = {2012.07.31}
}

@BOOK{McKenzie2001,
  title = {The relationship-based enterprise: powering business success through
	customer relationship management},
  publisher = {McGraw-Hill Ryerson, Ltd.},
  year = {2001},
  author = {McKenzie, Ray},
  owner = {blechner},
  timestamp = {2012.02.23}
}

@ARTICLE{Molich1990,
  author = {Molich, Rolf and Nielsen, Jakob},
  title = {Improving a human-computer dialogue},
  journal = {Communications of the ACM},
  year = {1990},
  volume = {33},
  pages = {338-348},
  number = {3},
  month = {mar},
  file = {Molich1990.pdf:Molich1990.pdf:PDF},
  keywords = {usability, heuristics},
  owner = {blechner},
  timestamp = {2012.01.26}
}

@INCOLLECTION{Morgan1998,
  author = {Morgan, David L.},
  title = {The focus group guidebook},
  booktitle = {The focus group kit},
  publisher = {Sage Publications, Inc.},
  year = {1998},
  editor = {Morgan, David L. and Krueger, Richard A.},
  volume = {1},
  pages = {1-102},
  address = {Thousand Oaks, CA},
  owner = {blechner},
  timestamp = {2012.05.30}
}

@INPROCEEDINGS{Mustafa2008,
  author = {Mustafa, Suleiman H. and Al-Zoua'bi, Loai F.},
  title = {Usability of the academic websites of {J}ordan's universities---an
	evaluation study},
  booktitle = {Proceedings of The 9th International Arab Conference on Information
	Technology},
  year = {2008},
  file = {Mustafa2008.pdf:Mustafa2008.pdf:PDF},
  keywords = {candidate, heuristics},
  owner = {blechner},
  timestamp = {2012.04.18}
}

@INBOOK{Najjar2011,
  chapter = {Designing e-commerce user interfaces},
  pages = {587-598},
  title = {Handbook of human factors in web design},
  publisher = {Lawrence Erlbaum},
  year = {2011},
  editor = {Vu, K.-P. L. and Proctor, R.W.},
  author = {Najjar, Lawrence J.},
  address = {Mahwah, NJ},
  edition = {2$^{nd}$},
  bdsk-file-1 = {YnBsaXN0MDDUAQIDBAUIJidUJHRvcFgkb2JqZWN0c1gkdmVyc2lvblkkYXJjaGl2ZXLRBgdUcm9vdIABqAkKFRYXGyIjVSRudWxs0wsMDQ4RFFpOUy5vYmplY3RzV05TLmtleXNWJGNsYXNzog8QgASABqISE4ACgAOAB1lhbGlhc0RhdGFccmVsYXRpdmVQYXRo0hgNGRpXTlMuZGF0YU8RAcwAAAAAAcwAAgAADE1hY2ludG9zaCBIRAAAAAAAAAAAAAAAAAAAALZ1JjBIKwAAAFWRkw5OYWpqYXIyMDExLnBkZgAAAAAAAAAAAAAAAAAAAAAAAAAAAAAAAAAAAAAAAAAAAAAAAAAAAAAAAAAAAAAAAAAAZXfuyz72vgAAAAAAAAAAAAEAAwAACSAAAAAAAAAAAAAAAAAAAAAMYmlibGlvZ3JhcGh5ABAACAAAtnV6kAAAABEACAAAyz9LHgAAAAEAGABVkZMAVZGSAFMQEgAGC+YABgvZAACZYQACAFZNYWNpbnRvc2ggSEQ6VXNlcnM6AGJsZWNobmVyOgBEb2N1bWVudHM6AERyb3Bib3g6AFRoZXNpczoAYmlibGlvZ3JhcGh5OgBOYWpqYXIyMDExLnBkZgAOAB4ADgBOAGEAagBqAGEAcgAyADAAMQAxAC4AcABkAGYADwAaAAwATQBhAGMAaQBuAHQAbwBzAGgAIABIAEQAEgBDVXNlcnMvYmxlY2huZXIvRG9jdW1lbnRzL0Ryb3Bib3gvVGhlc2lzL2JpYmxpb2dyYXBoeS9OYWpqYXIyMDExLnBkZgAAEwABLwAAFQACAA///wAAgAXSHB0eH1gkY2xhc3Nlc1okY2xhc3NuYW1lox8gIV1OU011dGFibGVEYXRhVk5TRGF0YVhOU09iamVjdF8QG2JpYmxpb2dyYXBoeS9OYWpqYXIyMDExLnBkZtIcHSQloiUhXE5TRGljdGlvbmFyeRIAAYagXxAPTlNLZXllZEFyY2hpdmVyAAgAEQAWAB8AKAAyADUAOgA8AEUASwBSAF0AZQBsAG8AcQBzAHYAeAB6AHwAhgCTAJgAoAJwAnICdwKAAosCjwKdAqQCrQLLAtAC0wLgAuUAAAAAAAACAQAAAAAAAAAoAAAAAAAAAAAAAAAAAAAC9w==},
  date-modified = {2012-01-20 23:21:16 +0000},
  file = {Najjar2011.pdf:Najjar2011.pdf:PDF},
  keywords = {usability, web},
  owner = {blechner},
  timestamp = {2012.01.20}
}

@INBOOK{Nielsen1994a,
  chapter = {Heuristic Evaluation},
  pages = {25-62},
  title = {Usability Inspection Methods},
  publisher = {John Wiley \& Sons, Ltd.},
  year = {1994},
  editor = {Nielsen, Jakob and Mack, Robert L.},
  author = {Nielsen, Jakob},
  __markedentry = {[blechner:1]},
  bdsk-file-1 = {YnBsaXN0MDDUAQIDBAUIJidUJHRvcFgkb2JqZWN0c1gkdmVyc2lvblkkYXJjaGl2ZXLRBgdUcm9vdIABqAkKFRYXGyIjVSRudWxs0wsMDQ4RFFpOUy5vYmplY3RzV05TLmtleXNWJGNsYXNzog8QgASABqISE4ACgAOAB1lhbGlhc0RhdGFccmVsYXRpdmVQYXRo0hgNGRpXTlMuZGF0YU8RAdQAAAAAAdQAAgAADE1hY2ludG9zaCBIRAAAAAAAAAAAAAAAAAAAALZ1JjBIKwAAAFWRkxBOaWVsc2VuMTk5NGEucGRmAAAAAAAAAAAAAAAAAAAAAAAAAAAAAAAAAAAAAAAAAAAAAAAAAAAAAAAAAAAAAAAAZXfsyz8irAAAAAAAAAAAAAEAAwAACSAAAAAAAAAAAAAAAAAAAAAMYmlibGlvZ3JhcGh5ABAACAAAtnV6kAAAABEACAAAyz93DAAAAAEAGABVkZMAVZGSAFMQEgAGC+YABgvZAACZYQACAFhNYWNpbnRvc2ggSEQ6VXNlcnM6AGJsZWNobmVyOgBEb2N1bWVudHM6AERyb3Bib3g6AFRoZXNpczoAYmlibGlvZ3JhcGh5OgBOaWVsc2VuMTk5NGEucGRmAA4AIgAQAE4AaQBlAGwAcwBlAG4AMQA5ADkANABhAC4AcABkAGYADwAaAAwATQBhAGMAaQBuAHQAbwBzAGgAIABIAEQAEgBFVXNlcnMvYmxlY2huZXIvRG9jdW1lbnRzL0Ryb3Bib3gvVGhlc2lzL2JpYmxpb2dyYXBoeS9OaWVsc2VuMTk5NGEucGRmAAATAAEvAAAVAAIAD///AACABdIcHR4fWCRjbGFzc2VzWiRjbGFzc25hbWWjHyAhXU5TTXV0YWJsZURhdGFWTlNEYXRhWE5TT2JqZWN0XxAdYmlibGlvZ3JhcGh5L05pZWxzZW4xOTk0YS5wZGbSHB0kJaIlIVxOU0RpY3Rpb25hcnkSAAGGoF8QD05TS2V5ZWRBcmNoaXZlcgAIABEAFgAfACgAMgA1ADoAPABFAEsAUgBdAGUAbABvAHEAcwB2AHgAegB8AIYAkwCYAKACeAJ6An8CiAKTApcCpQKsArUC1QLaAt0C6gLvAAAAAAAAAgEAAAAAAAAAKAAAAAAAAAAAAAAAAAAAAwE=},
  date-modified = {2012-01-20 23:20:46 +0000},
  file = {Nielsen1994a.pdf:Nielsen1994a.pdf:PDF},
  keywords = {usability},
  owner = {blechner},
  timestamp = {2012.01.20}
}

@BOOK{Nielsen2000,
  title = {Designing Web Usability},
  publisher = {New Riders Publishing},
  year = {2000},
  author = {Nielsen, Jakob},
  address = {Indianapolis, IN},
  date-modified = {2012-01-20 23:20:39 +0000},
  keywords = {usability, web},
  owner = {blechner},
  timestamp = {2012.01.19}
}

@INPROCEEDINGS{Nielsen1994,
  author = {Nielsen, Jakob},
  title = {Enhancing the explanatory power of usability heuristics},
  booktitle = {Proceedings of the SIGCHI Conference on Human Factors in Computing
	Systems},
  year = {1994},
  pages = {152-158},
  address = {New York},
  bdsk-file-1 = {YnBsaXN0MDDUAQIDBAUIJidUJHRvcFgkb2JqZWN0c1gkdmVyc2lvblkkYXJjaGl2ZXLRBgdUcm9vdIABqAkKFRYXGyIjVSRudWxs0wsMDQ4RFFpOUy5vYmplY3RzV05TLmtleXNWJGNsYXNzog8QgASABqISE4ACgAOAB1lhbGlhc0RhdGFccmVsYXRpdmVQYXRo0hgNGRpXTlMuZGF0YU8RAdAAAAAAAdAAAgAADE1hY2ludG9zaCBIRAAAAAAAAAAAAAAAAAAAALZ1JjBIKwAAAFWRkw9OaWVsc2VuMTk5NC5wZGYAAAAAAAAAAAAAAAAAAAAAAAAAAAAAAAAAAAAAAAAAAAAAAAAAAAAAAAAAAAAAAAAAZXfwyz7jIAAAAAAAAAAAAAEAAwAACSAAAAAAAAAAAAAAAAAAAAAMYmlibGlvZ3JhcGh5ABAACAAAtnV6kAAAABEACAAAyz83gAAAAAEAGABVkZMAVZGSAFMQEgAGC+YABgvZAACZYQACAFdNYWNpbnRvc2ggSEQ6VXNlcnM6AGJsZWNobmVyOgBEb2N1bWVudHM6AERyb3Bib3g6AFRoZXNpczoAYmlibGlvZ3JhcGh5OgBOaWVsc2VuMTk5NC5wZGYAAA4AIAAPAE4AaQBlAGwAcwBlAG4AMQA5ADkANAAuAHAAZABmAA8AGgAMAE0AYQBjAGkAbgB0AG8AcwBoACAASABEABIARFVzZXJzL2JsZWNobmVyL0RvY3VtZW50cy9Ecm9wYm94L1RoZXNpcy9iaWJsaW9ncmFwaHkvTmllbHNlbjE5OTQucGRmABMAAS8AABUAAgAP//8AAIAF0hwdHh9YJGNsYXNzZXNaJGNsYXNzbmFtZaMfICFdTlNNdXRhYmxlRGF0YVZOU0RhdGFYTlNPYmplY3RfEBxiaWJsaW9ncmFwaHkvTmllbHNlbjE5OTQucGRm0hwdJCWiJSFcTlNEaWN0aW9uYXJ5EgABhqBfEA9OU0tleWVkQXJjaGl2ZXIACAARABYAHwAoADIANQA6ADwARQBLAFIAXQBlAGwAbwBxAHMAdgB4AHoAfACGAJMAmACgAnQCdgJ7AoQCjwKTAqECqAKxAtAC1QLYAuUC6gAAAAAAAAIBAAAAAAAAACgAAAAAAAAAAAAAAAAAAAL8},
  bdsk-url-1 = {http://dx.doi.org/10.1145/191666.191729},
  date-modified = {2012-01-20 23:25:50 +0000},
  doi = {10.1145/191666.191729},
  file = {Nielsen1994.pdf:Nielsen1994.pdf:PDF},
  keywords = {heuristics, comparison},
  owner = {blechner},
  timestamp = {2012.01.20}
}

@BOOK{Nielsen1993,
  title = {Usability Engineering},
  publisher = {Academic Press},
  year = {1993},
  author = {Nielsen, Jakob},
  address = {San Diego, CA},
  date-modified = {2012-01-20 23:20:57 +0000},
  keywords = {usability},
  owner = {blechner},
  timestamp = {2012.01.19}
}

@INPROCEEDINGS{Nielsen1992,
  author = {Nielsen, Jakob},
  title = {Finding usability problems through heuristic evaluation},
  booktitle = {CHI '92 Proceedings of the SIGCHI Conference on Human Factors in
	Computing Systems},
  year = {1992},
  pages = {373-380},
  publisher = {ACM},
  file = {Nielsen1992.pdf:Nielsen1992.pdf:PDF},
  owner = {blechner},
  timestamp = {2012.08.06}
}

@INPROCEEDINGS{Nielsen1990,
  author = {Nielsen, Jakob and Molich, Rolf},
  title = {Heuristic evaluation of user interfaces},
  booktitle = {Proceedings of the SIGCHI Conference on Human Factors in Computing
	Systems},
  year = {1990},
  address = {Seattle, WA},
  month = {apr},
  file = {Nielsen1990.pdf:Nielsen1990.pdf:PDF},
  owner = {blechner},
  timestamp = {2012.02.21}
}

@TECHREPORT{Nielsen2000a,
  author = {Nielsen, Jakob and Norman, Donald A.},
  title = {Web-site usability: usability on the web isn't a luxury},
  institution = {InformationWeek},
  year = {2000},
  month = {jan},
  bdsk-file-1 = {YnBsaXN0MDDUAQIDBAUIJidUJHRvcFgkb2JqZWN0c1gkdmVyc2lvblkkYXJjaGl2ZXLRBgdUcm9vdIABqAkKFRYXGyIjVSRudWxs0wsMDQ4RFFpOUy5vYmplY3RzV05TLmtleXNWJGNsYXNzog8QgASABqISE4ACgAOAB1lhbGlhc0RhdGFccmVsYXRpdmVQYXRo0hgNGRpXTlMuZGF0YU8RAdAAAAAAAdAAAgAADE1hY2ludG9zaCBIRAAAAAAAAAAAAAAAAAAAALZ1JjBIKwAAAFWRkw9OaWVsc2VuMjAwMC5wZGYAAAAAAAAAAAAAAAAAAAAAAAAAAAAAAAAAAAAAAAAAAAAAAAAAAAAAAAAAAAAAAAAAZXfqyz75LAAAAAAAAAAAAAEAAwAACSAAAAAAAAAAAAAAAAAAAAAMYmlibGlvZ3JhcGh5ABAACAAAtnV6kAAAABEACAAAyz9NjAAAAAEAGABVkZMAVZGSAFMQEgAGC+YABgvZAACZYQACAFdNYWNpbnRvc2ggSEQ6VXNlcnM6AGJsZWNobmVyOgBEb2N1bWVudHM6AERyb3Bib3g6AFRoZXNpczoAYmlibGlvZ3JhcGh5OgBOaWVsc2VuMjAwMC5wZGYAAA4AIAAPAE4AaQBlAGwAcwBlAG4AMgAwADAAMAAuAHAAZABmAA8AGgAMAE0AYQBjAGkAbgB0AG8AcwBoACAASABEABIARFVzZXJzL2JsZWNobmVyL0RvY3VtZW50cy9Ecm9wYm94L1RoZXNpcy9iaWJsaW9ncmFwaHkvTmllbHNlbjIwMDAucGRmABMAAS8AABUAAgAP//8AAIAF0hwdHh9YJGNsYXNzZXNaJGNsYXNzbmFtZaMfICFdTlNNdXRhYmxlRGF0YVZOU0RhdGFYTlNPYmplY3RfEBxiaWJsaW9ncmFwaHkvTmllbHNlbjIwMDAucGRm0hwdJCWiJSFcTlNEaWN0aW9uYXJ5EgABhqBfEA9OU0tleWVkQXJjaGl2ZXIACAARABYAHwAoADIANQA6ADwARQBLAFIAXQBlAGwAbwBxAHMAdgB4AHoAfACGAJMAmACgAnQCdgJ7AoQCjwKTAqECqAKxAtAC1QLYAuUC6gAAAAAAAAIBAAAAAAAAACgAAAAAAAAAAAAAAAAAAAL8},
  bdsk-url-1 = {http://www.informationweek.com/773/web.htm},
  date-modified = {2012-01-20 23:20:33 +0000},
  file = {:C\:\\Users\\blechner\\Documents\\Dropbox\\Thesis\\bibliography\\Nielsen2000.pdf:PDF},
  keywords = {usability, web},
  owner = {blechner},
  timestamp = {2012.01.20},
  url = {http://www.informationweek.com/773/web.htm}
}

@INPROCEEDINGS{Nielsen1993a,
  author = {Nielsen, Jakob and Phillips, Victoria L.},
  title = {Estimating the relative usability of two interfaces: heuristic, formal,
	and empirical methods compared},
  booktitle = {Proceedings of the Conference on Human Factors in Computing Systems},
  year = {1993},
  address = {Amsterdam, The Netherlands},
  month = {apr},
  file = {Nielsen1993a.pdf:Nielsen1993a.pdf:PDF},
  owner = {blechner},
  timestamp = {2012.02.21}
}

@BOOK{Norman2002,
  title = {The design of everyday things},
  publisher = {Basic Books},
  year = {2002},
  author = {Norman, Donald A.},
  edition = {2$^{nd}$},
  keywords = {usability, theory, heuristics},
  owner = {blechner},
  review = {Seven Stages of Action Model: p. 47
	
	Gulfs of Evaluation and Execution: p. 49
	
	Heuristics: visibility, a good conceptual model, good mappings, feedback:
	p. 52
	
	Precise behavior can emerge from imprecise knowledge for four reasons:
	information is in the world, great precision is not required, natural
	constraints are present, cultural constraints are present: p. 55
	
	Knowledge in the world vs. knowledge in the head: p. 79
	
	Constraints: physical, semantic, cultural, logical: p. 82},
  timestamp = {2012.02.13}
}

@INPROCEEDINGS{Otaiza2010,
  author = {Otaiza, Renato and Rusu, Cristian and Roncagliolo, Silvana},
  title = {Evaluating the usability of transactional web sites},
  booktitle = {Third International Conference on Advances in Computer-Human Interactions},
  year = {2010},
  pages = {32-37},
  organization = {IEEE},
  bdsk-file-1 = {YnBsaXN0MDDUAQIDBAUIJidUJHRvcFgkb2JqZWN0c1gkdmVyc2lvblkkYXJjaGl2ZXLRBgdUcm9vdIABqAkKFRYXGyIjVSRudWxs0wsMDQ4RFFpOUy5vYmplY3RzV05TLmtleXNWJGNsYXNzog8QgASABqISE4ACgAOAB1lhbGlhc0RhdGFccmVsYXRpdmVQYXRo0hgNGRpXTlMuZGF0YU8RAcwAAAAAAcwAAgAADE1hY2ludG9zaCBIRAAAAAAAAAAAAAAAAAAAALZ1JjBIKwAAAFWRkw5PdGFpemEyMDEwLnBkZgAAAAAAAAAAAAAAAAAAAAAAAAAAAAAAAAAAAAAAAAAAAAAAAAAAAAAAAAAAAAAAAAAAZXemyzCfVgAAAAAAAAAAAAEAAwAACSAAAAAAAAAAAAAAAAAAAAAMYmlibGlvZ3JhcGh5ABAACAAAtnV6kAAAABEACAAAyzDztgAAAAEAGABVkZMAVZGSAFMQEgAGC+YABgvZAACZYQACAFZNYWNpbnRvc2ggSEQ6VXNlcnM6AGJsZWNobmVyOgBEb2N1bWVudHM6AERyb3Bib3g6AFRoZXNpczoAYmlibGlvZ3JhcGh5OgBPdGFpemEyMDEwLnBkZgAOAB4ADgBPAHQAYQBpAHoAYQAyADAAMQAwAC4AcABkAGYADwAaAAwATQBhAGMAaQBuAHQAbwBzAGgAIABIAEQAEgBDVXNlcnMvYmxlY2huZXIvRG9jdW1lbnRzL0Ryb3Bib3gvVGhlc2lzL2JpYmxpb2dyYXBoeS9PdGFpemEyMDEwLnBkZgAAEwABLwAAFQACAA///wAAgAXSHB0eH1gkY2xhc3Nlc1okY2xhc3NuYW1lox8gIV1OU011dGFibGVEYXRhVk5TRGF0YVhOU09iamVjdF8QG2JpYmxpb2dyYXBoeS9PdGFpemEyMDEwLnBkZtIcHSQloiUhXE5TRGljdGlvbmFyeRIAAYagXxAPTlNLZXllZEFyY2hpdmVyAAgAEQAWAB8AKAAyADUAOgA8AEUASwBSAF0AZQBsAG8AcQBzAHYAeAB6AHwAhgCTAJgAoAJwAnICdwKAAosCjwKdAqQCrQLLAtAC0wLgAuUAAAAAAAACAQAAAAAAAAAoAAAAAAAAAAAAAAAAAAAC9w==},
  bdsk-url-1 = {http://dx.doi.org/10.1109/ACHI.2010.27},
  date-modified = {2012-01-20 23:27:00 +0000},
  doi = {10.1109/ACHI.2010.27},
  file = {Otaiza2010.pdf:Otaiza2010.pdf:PDF},
  keywords = {usability, web},
  owner = {blechner},
  timestamp = {2012.01.20}
}

@INPROCEEDINGS{Oviatt2006,
  author = {Oviatt, Sharon},
  title = {Human-centered design meets cognitive load theory: designing interfaces
	that help people think},
  booktitle = {Proceedings of the 14th Annual ACM International Conference on Multimedia},
  year = {2006},
  address = {New York, NY},
  publisher = {ACM},
  __markedentry = {[blechner:]},
  doi = {http://dx.doi.org/10.1145/1180639.1180831},
  file = {Oviatt2006.pdf:Oviatt2006.pdf:PDF},
  keywords = {usability, theory, cognitive load},
  owner = {blechner},
  timestamp = {2012.02.02}
}

@ARTICLE{Oztekin2010,
  author = {Oztekin, Asil and Kong, Zhenyu James and Uysal, Ozgur},
  title = {{UseLearn}: a novel checklist and usability evaluation method for
	{eLearning} systems by criticality metric analysis},
  journal = {International Journal of Industrial Ergonomics},
  year = {2010},
  volume = {40},
  pages = {455-469},
  file = {Oztekin2010.pdf:Oztekin2010.pdf:PDF},
  keywords = {candidate},
  owner = {blechner},
  timestamp = {2012.04.23}
}

@ARTICLE{Paas2010,
  author = {Paas, Fred and van Gog, Tamara and Sweller, John},
  title = {Cognitive load theory: new conceptualizations, specifications, and
	integrated research perspectives},
  journal = {Educational Psychology Review},
  year = {2010},
  volume = {22},
  pages = {115-121},
  month = {may},
  doi = {10.1007/s10648-010-9133-8},
  file = {Paas2010.pdf:Paas2010.pdf:PDF},
  keywords = {cognitive load, theory},
  owner = {blechner},
  timestamp = {2012.02.06}
}

@INPROCEEDINGS{Perlman1997,
  author = {Perlman, Gary},
  title = {Practical Usability Evaluation},
  booktitle = {CHI 97 Eolectronic Publications: Tutorials},
  year = {1997},
  owner = {blechner},
  timestamp = {2012.05.16},
  url = {http://hcibib.org/perlman/question.cgi?form=PHUE}
}

@ARTICLE{Petre2006,
  author = {Petre, Marian and Minocha, Shailey and Roberts, Dave},
  title = {Usability beyond the website: an empirically-grounded e-commerce
	evaluation instrument for the total customer experience},
  journal = {Behaviour \& Information Technology},
  year = {2006},
  volume = {25},
  pages = {189-203},
  number = {2},
  month = {March-April},
  doi = {10.1080/01449290500331198},
  file = {Petre2006.pdf:Petre2006.pdf:PDF},
  keywords = {e-commerce, usability, heuristics},
  owner = {blechner},
  timestamp = {2012.01.31}
}

@TECHREPORT{Pierotti1995,
  author = {Pierotti, Denise},
  title = {Heuristic evaluation--a system checklist},
  institution = {Xerox Corporation},
  year = {1995},
  bdsk-file-1 = {YnBsaXN0MDDUAQIDBAUIJidUJHRvcFgkb2JqZWN0c1gkdmVyc2lvblkkYXJjaGl2ZXLRBgdUcm9vdIABqAkKFRYXGyIjVSRudWxs0wsMDQ4RFFpOUy5vYmplY3RzV05TLmtleXNWJGNsYXNzog8QgASABqISE4ACgAOAB1lhbGlhc0RhdGFccmVsYXRpdmVQYXRo0hgNGRpXTlMuZGF0YU8RAdQAAAAAAdQAAgAADE1hY2ludG9zaCBIRAAAAAAAAAAAAAAAAAAAALZ1JjBIKwAAAFWRkxBQaWVyb3R0aTE5OTUucGRmAAAAAAAAAAAAAAAAAAAAAAAAAAAAAAAAAAAAAAAAAAAAAAAAAAAAAAAAAAAAAAAAZZHDyz9PhFBERiBNU1dEAAEAAwAACSAAAAAAAAAAAAAAAAAAAAAMYmlibGlvZ3JhcGh5ABAACAAAtnV6kAAAABEACAAAyz+j5AAAAAEAGABVkZMAVZGSAFMQEgAGC+YABgvZAACZYQACAFhNYWNpbnRvc2ggSEQ6VXNlcnM6AGJsZWNobmVyOgBEb2N1bWVudHM6AERyb3Bib3g6AFRoZXNpczoAYmlibGlvZ3JhcGh5OgBQaWVyb3R0aTE5OTUucGRmAA4AIgAQAFAAaQBlAHIAbwB0AHQAaQAxADkAOQA1AC4AcABkAGYADwAaAAwATQBhAGMAaQBuAHQAbwBzAGgAIABIAEQAEgBFVXNlcnMvYmxlY2huZXIvRG9jdW1lbnRzL0Ryb3Bib3gvVGhlc2lzL2JpYmxpb2dyYXBoeS9QaWVyb3R0aTE5OTUucGRmAAATAAEvAAAVAAIAD///AACABdIcHR4fWCRjbGFzc2VzWiRjbGFzc25hbWWjHyAhXU5TTXV0YWJsZURhdGFWTlNEYXRhWE5TT2JqZWN0XxAdYmlibGlvZ3JhcGh5L1BpZXJvdHRpMTk5NS5wZGbSHB0kJaIlIVxOU0RpY3Rpb25hcnkSAAGGoF8QD05TS2V5ZWRBcmNoaXZlcgAIABEAFgAfACgAMgA1ADoAPABFAEsAUgBdAGUAbABvAHEAcwB2AHgAegB8AIYAkwCYAKACeAJ6An8CiAKTApcCpQKsArUC1QLaAt0C6gLvAAAAAAAAAgEAAAAAAAAAKAAAAAAAAAAAAAAAAAAAAwE=},
  date-modified = {2012-01-20 23:20:22 +0000},
  file = {Pierotti1995.pdf:Pierotti1995.pdf:PDF},
  keywords = {heuristics},
  owner = {blechner},
  timestamp = {2012.01.20}
}

@ARTICLE{Pinelle2003,
  author = {Pinelle, David and Gutwin, Carl and Greenberg, Saul},
  title = {Task analysis of groupware usability evaluation: modeling shared-workspace
	tasks with the mechanics of collaboration},
  journal = {ACM Transactions on Human Computer Interaction},
  year = {2003},
  volume = {10},
  pages = {281-311},
  number = {4},
  month = {dec},
  file = {Pinelle2003.pdf:Pinelle2003.pdf:PDF},
  owner = {blechner},
  timestamp = {2012.04.23}
}

@BOOK{Preece1998,
  title = {Human-computer interaction},
  publisher = {Addison-Wesley Longman Limited},
  year = {1998},
  author = {Preece, J. and Rogers, Y. and Sharp, H. and Benyon, David and Holland,
	Simon and Carey, Tom},
  keywords = {usability, heuristics},
  owner = {blechner},
  timestamp = {2012.02.02}
}

@TECHREPORT{Redish2004,
  author = {Redish, Janice and Chisnel, Dana},
  title = {Designing web sites for older adults: a review of recent research},
  institution = {AARP},
  year = {2004},
  month = {dec},
  file = {Redish2004.pdf:Redish2004.pdf:PDF},
  keywords = {web, usability, special users},
  owner = {blechner},
  timestamp = {2012.01.23}
}

@INPROCEEDINGS{Reinhold2008,
  author = {Reinhold, Olaf and Alt, Rainer},
  title = {Usability of {CRM} systems as collaboration infrastructures in business
	networks},
  booktitle = {21$^{st}$ Bled eConference eCollaboration: Overcoming Boundaries
	through Multi-Channel Interaction},
  year = {2008},
  pages = {537-548},
  file = {Reinhold2008.pdf:Reinhold2008.pdf:PDF},
  keywords = {crm, usability},
  owner = {blechner},
  timestamp = {2012.04.05}
}

@ARTICLE{Robinson1993,
  author = {Robinson, Judith L.},
  title = {Individual versus group interviews: is there a ``group difference''?},
  journal = {Quirk's Marketing Research Review},
  year = {1993},
  volume = {1993},
  number = {12},
  month = {dec},
  owner = {blechner},
  timestamp = {2012.08.05}
}

@INCOLLECTION{Rust2006,
  author = {Rust, Roland T. and Thompson, Debora Viana and Hamilton, Rebecca
	W.},
  title = {Defeating feature fatigue},
  booktitle = {Harvard Business Review},
  year = {2006},
  file = {Rust2006.pdf:Rust2006.pdf:PDF},
  owner = {blechner},
  timestamp = {2012.04.09}
}

@INPROCEEDINGS{Rusu2011,
  author = {Rusu, Cristian and Roncagliolo, Silvana and Rusu, Virginica and Collazos,
	Cesar},
  title = {A methodology to establish usability heuristics},
  booktitle = {The Fourth International Conference on Advances in Computer-Human
	Interactions},
  year = {2011},
  pages = {59-62},
  bdsk-file-1 = {YnBsaXN0MDDUAQIDBAUIJidUJHRvcFgkb2JqZWN0c1gkdmVyc2lvblkkYXJjaGl2ZXLRBgdUcm9vdIABqAkKFRYXGyIjVSRudWxs0wsMDQ4RFFpOUy5vYmplY3RzV05TLmtleXNWJGNsYXNzog8QgASABqISE4ACgAOAB1lhbGlhc0RhdGFccmVsYXRpdmVQYXRo0hgNGRpXTlMuZGF0YU8RAcQAAAAAAcQAAgAADE1hY2ludG9zaCBIRAAAAAAAAAAAAAAAAAAAALZ1JjBIKwAAAFWRkwxSdXN1MjAxMS5wZGYAAAAAAAAAAAAAAAAAAAAAAAAAAAAAAAAAAAAAAAAAAAAAAAAAAAAAAAAAAAAAAAAAAAAAZXehyzCddQAAAAAAAAAAAAEAAwAACSAAAAAAAAAAAAAAAAAAAAAMYmlibGlvZ3JhcGh5ABAACAAAtnV6kAAAABEACAAAyzDx1QAAAAEAGABVkZMAVZGSAFMQEgAGC+YABgvZAACZYQACAFRNYWNpbnRvc2ggSEQ6VXNlcnM6AGJsZWNobmVyOgBEb2N1bWVudHM6AERyb3Bib3g6AFRoZXNpczoAYmlibGlvZ3JhcGh5OgBSdXN1MjAxMS5wZGYADgAaAAwAUgB1AHMAdQAyADAAMQAxAC4AcABkAGYADwAaAAwATQBhAGMAaQBuAHQAbwBzAGgAIABIAEQAEgBBVXNlcnMvYmxlY2huZXIvRG9jdW1lbnRzL0Ryb3Bib3gvVGhlc2lzL2JpYmxpb2dyYXBoeS9SdXN1MjAxMS5wZGYAABMAAS8AABUAAgAP//8AAIAF0hwdHh9YJGNsYXNzZXNaJGNsYXNzbmFtZaMfICFdTlNNdXRhYmxlRGF0YVZOU0RhdGFYTlNPYmplY3RfEBliaWJsaW9ncmFwaHkvUnVzdTIwMTEucGRm0hwdJCWiJSFcTlNEaWN0aW9uYXJ5EgABhqBfEA9OU0tleWVkQXJjaGl2ZXIACAARABYAHwAoADIANQA6ADwARQBLAFIAXQBlAGwAbwBxAHMAdgB4AHoAfACGAJMAmACgAmgCagJvAngCgwKHApUCnAKlAsECxgLJAtYC2wAAAAAAAAIBAAAAAAAAACgAAAAAAAAAAAAAAAAAAALt},
  date-modified = {2012-01-20 23:20:15 +0000},
  file = {Rusu2011.pdf:Rusu2011.pdf:PDF},
  keywords = {heuristics},
  owner = {blechner},
  timestamp = {2012.01.20}
}

@TECHREPORT{Scholtz2004,
  author = {Scholtz, Jean},
  title = {Usability evaluation},
  institution = {National Institute of Standards and Technology},
  year = {2004},
  bdsk-file-1 = {YnBsaXN0MDDUAQIDBAUIJidUJHRvcFgkb2JqZWN0c1gkdmVyc2lvblkkYXJjaGl2ZXLRBgdUcm9vdIABqAkKFRYXGyIjVSRudWxs0wsMDQ4RFFpOUy5vYmplY3RzV05TLmtleXNWJGNsYXNzog8QgASABqISE4ACgAOAB1lhbGlhc0RhdGFccmVsYXRpdmVQYXRo0hgNGRpXTlMuZGF0YU8RAdAAAAAAAdAAAgAADE1hY2ludG9zaCBIRAAAAAAAAAAAAAAAAAAAALZ1JjBIKwAAAFWRkw9TY2hvbHR6MjAwNC5wZGYAAAAAAAAAAAAAAAAAAAAAAAAAAAAAAAAAAAAAAAAAAAAAAAAAAAAAAAAAAAAAAAAAZXegyz3XYwAAAAAAAAAAAAEAAwAACSAAAAAAAAAAAAAAAAAAAAAMYmlibGlvZ3JhcGh5ABAACAAAtnV6kAAAABEACAAAyz4rwwAAAAEAGABVkZMAVZGSAFMQEgAGC+YABgvZAACZYQACAFdNYWNpbnRvc2ggSEQ6VXNlcnM6AGJsZWNobmVyOgBEb2N1bWVudHM6AERyb3Bib3g6AFRoZXNpczoAYmlibGlvZ3JhcGh5OgBTY2hvbHR6MjAwNC5wZGYAAA4AIAAPAFMAYwBoAG8AbAB0AHoAMgAwADAANAAuAHAAZABmAA8AGgAMAE0AYQBjAGkAbgB0AG8AcwBoACAASABEABIARFVzZXJzL2JsZWNobmVyL0RvY3VtZW50cy9Ecm9wYm94L1RoZXNpcy9iaWJsaW9ncmFwaHkvU2Nob2x0ejIwMDQucGRmABMAAS8AABUAAgAP//8AAIAF0hwdHh9YJGNsYXNzZXNaJGNsYXNzbmFtZaMfICFdTlNNdXRhYmxlRGF0YVZOU0RhdGFYTlNPYmplY3RfEBxiaWJsaW9ncmFwaHkvU2Nob2x0ejIwMDQucGRm0hwdJCWiJSFcTlNEaWN0aW9uYXJ5EgABhqBfEA9OU0tleWVkQXJjaGl2ZXIACAARABYAHwAoADIANQA6ADwARQBLAFIAXQBlAGwAbwBxAHMAdgB4AHoAfACGAJMAmACgAnQCdgJ7AoQCjwKTAqECqAKxAtAC1QLYAuUC6gAAAAAAAAIBAAAAAAAAACgAAAAAAAAAAAAAAAAAAAL8},
  date-modified = {2012-01-20 23:20:05 +0000},
  file = {Scholtz2004.pdf:Scholtz2004.pdf:PDF},
  keywords = {usability},
  organization = {National Institute of Standards and Technology},
  owner = {blechner},
  timestamp = {2012.01.20}
}

@ARTICLE{Sears1997,
  author = {Sears, Andrew},
  title = {Heuristic walkthroughs: finding the problems without the noise},
  journal = {International Journal of Human-Computer Interaction},
  year = {1997},
  volume = {9},
  pages = {213-234},
  number = {3},
  file = {Sears1997.pdf:Sears1997.pdf:PDF},
  keywords = {heuristics},
  owner = {blechner},
  timestamp = {2012.01.23}
}

@ARTICLE{Seddon1996,
  author = {Seddon, Peter B. and Kiew, Min-Yen},
  title = {A partial test and development of {DeLone and McLean's} model of
	{IS} success},
  journal = {Australasian Journal of Information Systems},
  year = {1996},
  volume = {4},
  pages = {90-109},
  number = {1},
  file = {Seddon1996.pdf:Seddon1996.pdf:PDF},
  owner = {blechner},
  timestamp = {2012.06.06}
}

@ARTICLE{Sein2011,
  author = {Sein, Maung K. and Henfridsson, Ola and Purao, Sandeep and Rossi,
	Matti and Lindgren, Rikard},
  title = {Action design research},
  journal = {MIS Quarterly},
  year = {2011},
  volume = {35},
  pages = {37-56},
  number = {1},
  month = {mar},
  date-modified = {2012-01-20 23:18:35 +0000},
  file = {Sein2011.pdf:Sein2011.pdf:PDF},
  keywords = {design science research},
  owner = {blechner},
  timestamp = {2011.12.15}
}

@BOOK{Sharp2007,
  title = {Interaction design: beyond human-computer interaction},
  publisher = {John Wiley \& Sons, Ltd.},
  year = {2007},
  author = {Sharp, Helen and Rogers, Yvonne and Preece, Jenny},
  edition = {2$^{nd}$},
  date-modified = {2012-01-20 23:20:00 +0000},
  keywords = {usability},
  owner = {blechner},
  timestamp = {2012.01.20}
}

@BOOK{Shneiderman1998,
  title = {Designing the user interface},
  publisher = {Addison-Wesley},
  year = {1998},
  author = {Shneiderman, Ben},
  address = {Reading, MA},
  edition = {3$^{rd}$},
  owner = {blechner},
  timestamp = {2012.05.07}
}

@INPROCEEDINGS{Singh2009,
  author = {Singh, Akash and Wesson, Janet},
  title = {Evaluation criteria for assessing the usability of {ERP} systems},
  booktitle = {Proceedings of the 2009 Annual Research Conference of the South African
	Institute of Computer Scientists and Information Technologists},
  year = {2009},
  __markedentry = {[blechner:1]},
  file = {Singh2009.pdf:Singh2009.pdf:PDF},
  keywords = {candidate},
  owner = {blechner},
  timestamp = {2012.04.23}
}

@ELECTRONIC{Sprengers1999,
  author = {Sprengers, Jasper},
  year = {1999},
  title = {Objective evaluation of likely usability hazards---preliminaries
	for user testing},
  url = {http://www.abeleto.nl/pdf/objective-evaluation-websites-19990000.pdf},
  file = {Sprengers1999.pdf:Sprengers1999.pdf:PDF},
  owner = {blechner},
  timestamp = {2012.04.23}
}

@ARTICLE{Ssemugabi2010,
  author = {Ssemugabi, Samuel and de Villiers, Ruth},
  title = {Effectiveness of heuristic evaluation in usability evaluation of
	e-learning applications in higher education},
  journal = {South African Computer Journal},
  year = {2010},
  volume = {45},
  pages = {26-39},
  month = {jul},
  bdsk-file-1 = {YnBsaXN0MDDUAQIDBAUIJidUJHRvcFgkb2JqZWN0c1gkdmVyc2lvblkkYXJjaGl2ZXLRBgdUcm9vdIABqAkKFRYXGyIjVSRudWxs0wsMDQ4RFFpOUy5vYmplY3RzV05TLmtleXNWJGNsYXNzog8QgASABqISE4ACgAOAB1lhbGlhc0RhdGFccmVsYXRpdmVQYXRo0hgNGRpXTlMuZGF0YU8RAdgAAAAAAdgAAgAADE1hY2ludG9zaCBIRAAAAAAAAAAAAAAAAAAAALZ1JjBIKwAAAFWRkxFTc2VtdWdhYmkyMDEwLnBkZgAAAAAAAAAAAAAAAAAAAAAAAAAAAAAAAAAAAAAAAAAAAAAAAAAAAAAAAAAAAAAAZXekyzCo/QAAAAAAAAAAAAEAAwAACSAAAAAAAAAAAAAAAAAAAAAMYmlibGlvZ3JhcGh5ABAACAAAtnV6kAAAABEACAAAyzD9XQAAAAEAGABVkZMAVZGSAFMQEgAGC+YABgvZAACZYQACAFlNYWNpbnRvc2ggSEQ6VXNlcnM6AGJsZWNobmVyOgBEb2N1bWVudHM6AERyb3Bib3g6AFRoZXNpczoAYmlibGlvZ3JhcGh5OgBTc2VtdWdhYmkyMDEwLnBkZgAADgAkABEAUwBzAGUAbQB1AGcAYQBiAGkAMgAwADEAMAAuAHAAZABmAA8AGgAMAE0AYQBjAGkAbgB0AG8AcwBoACAASABEABIARlVzZXJzL2JsZWNobmVyL0RvY3VtZW50cy9Ecm9wYm94L1RoZXNpcy9iaWJsaW9ncmFwaHkvU3NlbXVnYWJpMjAxMC5wZGYAEwABLwAAFQACAA///wAAgAXSHB0eH1gkY2xhc3Nlc1okY2xhc3NuYW1lox8gIV1OU011dGFibGVEYXRhVk5TRGF0YVhOU09iamVjdF8QHmJpYmxpb2dyYXBoeS9Tc2VtdWdhYmkyMDEwLnBkZtIcHSQloiUhXE5TRGljdGlvbmFyeRIAAYagXxAPTlNLZXllZEFyY2hpdmVyAAgAEQAWAB8AKAAyADUAOgA8AEUASwBSAF0AZQBsAG8AcQBzAHYAeAB6AHwAhgCTAJgAoAJ8An4CgwKMApcCmwKpArACuQLaAt8C4gLvAvQAAAAAAAACAQAAAAAAAAAoAAAAAAAAAAAAAAAAAAADBg==},
  date-modified = {2012-01-20 23:26:04 +0000},
  file = {Ssemugabi2010.pdf:Ssemugabi2010.pdf:PDF},
  keywords = {heuristics, web},
  owner = {blechner},
  timestamp = {2012.01.20}
}

@INPROCEEDINGS{Ssemugabi2007,
  author = {Ssemugabi, Samuel and de Villiers, Ruth},
  title = {A comparative study of two usability evaluation methods using a web-based
	e-learning application},
  booktitle = {Proceedings of the 2007 annual research conference of the South African
	institute of computer scientists and information technologists on
	IT research in developing countries},
  year = {2007},
  pages = {132-142},
  bdsk-file-1 = {YnBsaXN0MDDUAQIDBAUIJidUJHRvcFgkb2JqZWN0c1gkdmVyc2lvblkkYXJjaGl2ZXLRBgdUcm9vdIABqAkKFRYXGyIjVSRudWxs0wsMDQ4RFFpOUy5vYmplY3RzV05TLmtleXNWJGNsYXNzog8QgASABqISE4ACgAOAB1lhbGlhc0RhdGFccmVsYXRpdmVQYXRo0hgNGRpXTlMuZGF0YU8RAdgAAAAAAdgAAgAADE1hY2ludG9zaCBIRAAAAAAAAAAAAAAAAAAAALZ1JjBIKwAAAFWRkxFTc2VtdWdhYmkyMDA3LnBkZgAAAAAAAAAAAAAAAAAAAAAAAAAAAAAAAAAAAAAAAAAAAAAAAAAAAAAAAAAAAAAAZXeiyzCpfQAAAAAAAAAAAAEAAwAACSAAAAAAAAAAAAAAAAAAAAAMYmlibGlvZ3JhcGh5ABAACAAAtnV6kAAAABEACAAAyzD93QAAAAEAGABVkZMAVZGSAFMQEgAGC+YABgvZAACZYQACAFlNYWNpbnRvc2ggSEQ6VXNlcnM6AGJsZWNobmVyOgBEb2N1bWVudHM6AERyb3Bib3g6AFRoZXNpczoAYmlibGlvZ3JhcGh5OgBTc2VtdWdhYmkyMDA3LnBkZgAADgAkABEAUwBzAGUAbQB1AGcAYQBiAGkAMgAwADAANwAuAHAAZABmAA8AGgAMAE0AYQBjAGkAbgB0AG8AcwBoACAASABEABIARlVzZXJzL2JsZWNobmVyL0RvY3VtZW50cy9Ecm9wYm94L1RoZXNpcy9iaWJsaW9ncmFwaHkvU3NlbXVnYWJpMjAwNy5wZGYAEwABLwAAFQACAA///wAAgAXSHB0eH1gkY2xhc3Nlc1okY2xhc3NuYW1lox8gIV1OU011dGFibGVEYXRhVk5TRGF0YVhOU09iamVjdF8QHmJpYmxpb2dyYXBoeS9Tc2VtdWdhYmkyMDA3LnBkZtIcHSQloiUhXE5TRGljdGlvbmFyeRIAAYagXxAPTlNLZXllZEFyY2hpdmVyAAgAEQAWAB8AKAAyADUAOgA8AEUASwBSAF0AZQBsAG8AcQBzAHYAeAB6AHwAhgCTAJgAoAJ8An4CgwKMApcCmwKpArACuQLaAt8C4gLvAvQAAAAAAAACAQAAAAAAAAAoAAAAAAAAAAAAAAAAAAADBg==},
  bdsk-url-1 = {http://dx.doi.org/10.1145/1292491.1292507},
  date-modified = {2012-01-20 23:27:24 +0000},
  doi = {10.1145/1292491.1292507},
  file = {Ssemugabi2007.pdf:Ssemugabi2007.pdf:PDF},
  keywords = {usability, comparison, web},
  owner = {blechner},
  timestamp = {2012.01.20}
}

@TECHREPORT{Symplified2011,
  author = {Symplified},
  title = {{CIO} \& enterprise architect's guide to using {SaaS} to cut {IT}
	costs},
  institution = {Symplified},
  year = {2011},
  type = {White paper},
  owner = {blechner},
  timestamp = {2012.07.31}
}

@ARTICLE{Teo1998,
  author = {Teo, Thompson S. H. and Wong, Poh Kam},
  title = {An empirical study of the performance impact of computerization in
	the retail industry},
  journal = {Omega International Journal of Management Science},
  year = {1998},
  volume = {26},
  pages = {611-621},
  number = {5},
  file = {Teo1998.pdf:Teo1998.pdf:PDF},
  keywords = {benefits},
  owner = {blechner},
  timestamp = {2012.02.07}
}

@INPROCEEDINGS{Thompson2009,
  author = {Thompson, Ashleigh-Jane and Kemp, Elizabeth A.},
  title = {Web 2.0: extending the framework for heuristic evaluation},
  booktitle = {Proceedings of the 10th International Conference NZ Chapter of the
	ACM's Special Interest Group on Human-Computer Interaction},
  year = {2009},
  pages = {26-36},
  address = {Auckland, New Zealand},
  doi = {10.1145/1577782.1577788},
  file = {Thompson2009.pdf:Thompson2009.pdf:PDF},
  owner = {blechner},
  timestamp = {2012.05.01}
}

@TECHREPORT{Tognazzi2003,
  author = {Tognazzi, Bruce},
  title = {First principles of interaction design},
  institution = {Nielsen Norman Group},
  year = {2003},
  keywords = {heuristics},
  owner = {blechner},
  timestamp = {2012.01.26},
  url = {http://www.asktog.com/basics/firstPrinciples.html}
}

@ARTICLE{Venkatesh2000,
  author = {Venkatesh, Viswanath and Davis, Fred D.},
  title = {A theoretical extension of the {Technology Acceptance Model}: four
	longitudinal studies},
  journal = {Management Science},
  year = {2000},
  volume = {46},
  pages = {186-204},
  number = {2},
  month = {feb},
  file = {Venkatesh2000.pdf:Venkatesh2000.pdf:PDF},
  keywords = {tam, theory},
  owner = {blechner},
  timestamp = {2012.02.06}
}

@INPROCEEDINGS{Villiers2004,
  author = {de Villiers, Ruth},
  title = {Usability evaluation of an e-learning tutorial: criteria, questions
	and case study},
  booktitle = {Proceedings of the 2004 Annual Research Conference of the South African
	Institute of Computer Scientists and Information Technologists},
  year = {2004},
  file = {Villiers2004.pdf:Villiers2004.pdf:PDF},
  keywords = {candidate},
  owner = {blechner},
  timestamp = {2012.04.23}
}

@INPROCEEDINGS{Vreede2005,
  author = {de Vreede, Gert-Jan and Briggs, Robert O.},
  title = {Collaboration engineering: designing repeatable processes for high-value
	collaborative tasks},
  booktitle = {Proceedings of the 38th Hawaii International Conference on System
	Sciences},
  year = {2005},
  file = {Vreede2005.pdf:Vreede2005.pdf:PDF},
  keywords = {collaboration},
  owner = {blechner},
  timestamp = {2012.02.27}
}

@INPROCEEDINGS{Wahab2010,
  author = {Wahab, Samsudin and Nor, Nor Azila Mohd and Al-Momani, Khaled},
  title = {The relationship between e-service quality and ease of use on electronic
	customer relationship management ({E-CRM}) performance: an empirical
	investigation in {Jordan} mobile phone services},
  booktitle = {2010 International Conference on e-Education, e-Business, e-Management
	and e-Learning},
  year = {2010},
  pages = {368-372},
  month = {jan},
  organization = {IEEE},
  doi = {DOI 10.1109/IC4E.2010.113},
  file = {Wahab2010.pdf:Wahab2010.pdf:PDF},
  keywords = {crm, usability},
  owner = {blechner},
  timestamp = {2012.03.01}
}

@INPROCEEDINGS{Wang2011,
  author = {Wang, Qiong},
  title = {Usability research of interaction design for e-commerce website},
  booktitle = {2011 International Conference on E-Business and E-Government},
  year = {2011},
  pages = {1-4},
  address = {Shanghai, China},
  month = {may},
  organization = {IEEE},
  file = {Wang2011.pdf:Wang2011.pdf:PDF},
  keywords = {e-commerce, usability},
  owner = {blechner},
  timestamp = {2012.01.31}
}

@BOOK{Weiss1994,
  title = {Making computers people-literate},
  publisher = {Jossey-Bass Inc.},
  year = {1994},
  author = {Weiss, Elaine},
  address = {San Francisco, CA},
  date-modified = {2012-01-20 23:19:37 +0000},
  keywords = {usability},
  owner = {blechner},
  timestamp = {2012.01.19}
}

@INPROCEEDINGS{Wiberg2009,
  author = {Wiberg, Charlotte and Jegers, Kalle and Desurvire, Heather},
  title = {How applicable is your evaluation methods--{R}eally?},
  booktitle = {2009 Second International Conference on Advances in Computer-Human
	Interactions},
  year = {2009},
  doi = {10.1109/ACHI.2009.54},
  file = {Wiberg2009.pdf:Wiberg2009.pdf:PDF},
  keywords = {heuristics, evaluation},
  owner = {blechner},
  timestamp = {2012.01.30}
}

@ARTICLE{Wixom2001,
  author = {Wixom, Barbara H. and Watson, Hugh J.},
  title = {An empirical investigation of the factors affecting data warehousing
	success},
  journal = {MIS Quarterly},
  year = {2001},
  volume = {25},
  pages = {17-41},
  number = {1},
  month = {mar},
  file = {Wixom2001.pdf:Wixom2001.pdf:PDF},
  keywords = {heuristics},
  owner = {blechner},
  timestamp = {2012.02.07},
  url = {http://www.jstor.org/stable/3250957 .}
}

@BOOK{Wolcott2001,
  title = {Writing up qualitative research},
  publisher = {Sage Publications, Inc.},
  year = {2001},
  author = {Wolcott, Harry F.},
  address = {Thousand Oaks, CA},
  edition = {2$^{nd}$},
  owner = {blechner},
  timestamp = {2012.02.23}
}

@ARTICLE{Zaharias2009,
  author = {Zaharias, Panagiotis and Poylymenakou, Angeliki},
  title = {Developing a usability evaluation method for e-learning applications:
	beyond functional usability},
  journal = {International Journal of Human-Computer Interaction},
  year = {2009},
  volume = {25},
  pages = {75-98},
  number = {1},
  doi = {10.1080/10447310802546716},
  file = {Zaharias2009.pdf:Zaharias2009.pdf:PDF},
  keywords = {e-learning, heuristics},
  owner = {blechner},
  timestamp = {2012.01.31}
}

@ARTICLE{Zhang2011,
  author = {Zhang, Jiajie and Walji, Muhammad F.},
  title = {{TURF}: toward a unified framework of {EHR} usability},
  journal = {Journal of Biomedical Informatics},
  year = {2011},
  volume = {44},
  pages = {1056-1067},
  number = {6},
  month = {dec},
  doi = {10.1016/j.jbi.2011.08.005},
  file = {Zhang2011.pdf:Zhang2011.pdf:PDF},
  keywords = {heuristics, usability, special uses},
  owner = {blechner},
  timestamp = {2012.04.05}
}

@PERIODICAL{noAuthor2003,
  title = {Siebel: second thoughts on hosted {CRM}},
  year = {2003},
  booktitle = {MarketWatch},
  owner = {blechner},
  timestamp = {2012.04.09}
}

@comment{jabref-meta: selector_review:}

@comment{jabref-meta: selector_publisher:}

@comment{jabref-meta: selector_author:}

@comment{jabref-meta: selector_journal:}

@comment{jabref-meta: selector_keywords:}

@comment{jabref-meta: groupsversion:3;}

@comment{jabref-meta: groupstree:
0 AllEntriesGroup:;
1 ExplicitGroup:Automatically created groups\;2\;;
2 KeywordGroup:Analytics\;0\;keywords\;Analytics\;0\;0\;;
2 KeywordGroup:Benefits\;0\;keywords\;Benefits\;0\;0\;;
2 KeywordGroup:Candidate\;0\;keywords\;Candidate\;0\;0\;;
2 KeywordGroup:Cognitive load\;0\;keywords\;Cognitive load\;0\;0\;;
2 KeywordGroup:Collaboration\;0\;keywords\;Collaboration\;0\;0\;;
2 KeywordGroup:Comparison\;0\;keywords\;Comparison\;0\;0\;;
2 KeywordGroup:Crm\;0\;keywords\;Crm\;0\;0\;;
2 KeywordGroup:Design science research\;0\;keywords\;Design science re
search\;0\;0\;;
2 KeywordGroup:E-commerce\;0\;keywords\;E-commerce\;0\;0\;;
2 KeywordGroup:E-learning\;0\;keywords\;E-learning\;0\;0\;;
2 KeywordGroup:Erp\;0\;keywords\;Erp\;0\;0\;;
2 KeywordGroup:Evaluation\;0\;keywords\;Evaluation\;0\;0\;;
2 KeywordGroup:Gss\;0\;keywords\;Gss\;0\;0\;;
2 KeywordGroup:Guidelines\;0\;keywords\;Guidelines\;0\;0\;;
2 KeywordGroup:Heuristics\;0\;keywords\;Heuristics\;0\;0\;;
2 KeywordGroup:Mandatory\;0\;keywords\;Mandatory\;0\;0\;;
2 KeywordGroup:Mobile\;0\;keywords\;Mobile\;0\;0\;;
2 KeywordGroup:Pssuq\;0\;keywords\;Pssuq\;0\;0\;;
2 KeywordGroup:Research\;0\;keywords\;Research\;0\;0\;;
2 KeywordGroup:Special users\;0\;keywords\;Special users\;0\;0\;;
2 KeywordGroup:Special uses\;0\;keywords\;Special uses\;0\;0\;;
2 KeywordGroup:Statistics\;0\;keywords\;Statistics\;0\;0\;;
2 KeywordGroup:Success\;0\;keywords\;Success\;0\;0\;;
2 KeywordGroup:Tam\;0\;keywords\;Tam\;0\;0\;;
2 KeywordGroup:Theory\;0\;keywords\;Theory\;0\;0\;;
2 KeywordGroup:Ttf\;0\;keywords\;Ttf\;0\;0\;;
2 KeywordGroup:Usability\;0\;keywords\;Usability\;0\;0\;;
2 KeywordGroup:Usersat\;0\;keywords\;Usersat\;0\;0\;;
2 KeywordGroup:Web\;0\;keywords\;Web\;0\;0\;;
}

